
@book{higham2015princeton,
  title={The Princeton companion to applied mathematics},
  author={Higham, Nicholas J and Dennis, Mark R and Glendinning, Paul and Martin, Paul A and Santosa, Fadil and Tanner, Jared},
  year={2015},
  publisher={Princeton University Press}
}


@book{ames2014numerical,
  title={Numerical methods for partial differential equations},
  author={Ames, William F},
  year={2014},
  publisher={Academic press}
}


@article{osada1991acceleration,
  title={Acceleration methods for vector sequences},
  author={Osada, Naoki},
  journal={Journal of Computational and Applied Mathematics},
  volume={38},
  number={1-3},
  pages={361--371},
  year={1991},
  publisher={Elsevier}
}
@phdthesis{osada1993acceleration,
  title={Acceleration methods for slowly convergent sequences and their applications},
  author={Osada, Naoki},
  year={1993},
  school={PhD thesis, Nagoya University}
}
@article{chatterjee2000introduction,
  title={An introduction to the proper orthogonal decomposition},
  author={Chatterjee, Anindya},
  journal={Current science},
  pages={808--817},
  year={2000},
  publisher={JSTOR}
}
@article{guyan1965reduction,
  title={Reduction of stiffness and mass matrices},
  author={Guyan, Robert J},
  journal={AIAA journal},
  volume={3},
  number={2},
  pages={380--380},
  year={1965}
}
@article{swersky2014freeze,
  title={Freeze-thaw bayesian optimization},
  author={Swersky, Kevin and Snoek, Jasper and Adams, Ryan Prescott},
  journal={arXiv preprint arXiv:1406.3896},
  year={2014}
}
@article{beatson2021meta,
  title={Meta-PDE: Learning to solve PDEs quickly without a mesh},
  author={Beatson, Alex and T Qin, Sunny and McGreivy, Nick and Adams, Ryan Prescott},
  journal={In preparation},
  year={2021}
}
@article{zhuang2020learned,
  title={Learned discretizations for passive scalar advection in a 2-d turbulent flow},
  author={Zhuang, Jiawei and Kochkov, Dmitrii and Bar-Sinai, Yohai and Brenner, Michael P and Hoyer, Stephan},
  journal={arXiv preprint arXiv:2004.05477},
  year={2020}
}
@article{bar2019learning,
  title={Learning data-driven discretizations for partial differential equations},
  author={Bar-Sinai, Yohai and Hoyer, Stephan and Hickey, Jason and Brenner, Michael P},
  journal={Proceedings of the National Academy of Sciences},
  volume={116},
  number={31},
  pages={15344--15349},
  year={2019},
  publisher={National Acad Sciences}
}
@article{willard2020integrating,
  title={Integrating physics-based modeling with machine learning: A survey},
  author={Willard, Jared and Jia, Xiaowei and Xu, Shaoming and Steinbach, Michael and Kumar, Vipin},
  journal={arXiv preprint arXiv:2003.04919},
  year={2020}
}
@book{koziel2013surrogate,
  title={Surrogate-based modeling and optimization},
  author={Koziel, Slawomir and Leifsson, Leifur},
  year={2013},
  publisher={Springer}
}
@article{queipo2005surrogate,
  title={Surrogate-based analysis and optimization},
  author={Queipo, Nestor V and Haftka, Raphael T and Shyy, Wei and Goel, Tushar and Vaidyanathan, Rajkumar and Tucker, P Kevin},
  journal={Progress in aerospace sciences},
  volume={41},
  number={1},
  pages={1--28},
  year={2005},
  publisher={Elsevier}
}
@article{martin2005use,
  title={Use of kriging models to approximate deterministic computer models},
  author={Martin, Jay D and Simpson, Timothy W},
  journal={AIAA journal},
  volume={43},
  number={4},
  pages={853--863},
  year={2005}
}
@article{simpson2001metamodels,
  title={Metamodels for computer-based engineering design: survey and recommendations},
  author={Simpson, Timothy W and Poplinski, JD and Koch, Patrick N and Allen, Janet K},
  journal={Engineering with computers},
  volume={17},
  number={2},
  pages={129--150},
  year={2001},
  publisher={Springer}
}

@inproceedings{tompson2017accelerating,
  title={Accelerating eulerian fluid simulation with convolutional networks},
  author={Tompson, Jonathan and Schlachter, Kristofer and Sprechmann, Pablo and Perlin, Ken},
  booktitle={International Conference on Machine Learning},
  pages={3424--3433},
  year={2017},
  organization={PMLR}
}
@article{beatson2020learning,
  title={Learning composable energy surrogates for PDE order reduction},
  author={Beatson, Alex and Ash, Jordan and Roeder, Geoffrey and Xue, Tianju and Adams, Ryan P},
  journal={Advances in Neural Information Processing Systems},
  volume={33},
  year={2020}
}

@inproceedings{xue2020amortized,
  title={Amortized Finite Element Analysis for Fast PDE-Constrained Optimization},
  author={Xue, Tianju and Beatson, Alex and Adriaenssens, Sigrid and Adams, Ryan},
  booktitle={International Conference on Machine Learning},
  pages={10638--10647},
  year={2020},
  organization={PMLR}
}

@article{maulik2021reduced,
  title={Reduced-order modeling of advection-dominated systems with recurrent neural networks and convolutional autoencoders},
  author={Maulik, Romit and Lusch, Bethany and Balaprakash, Prasanna},
  journal={Physics of Fluids},
  volume={33},
  number={3},
  pages={037106},
  year={2021},
  publisher={American Institute of Phyiscs}
}

@article{drineas2006fast,
  title={Fast Monte Carlo algorithms for matrices II: Computing a low-rank approximation to a matrix},
  author={Drineas, Petros and Kannan, Ravi and Mahoney, Michael W},
  journal={SIAM Journal on computing},
  volume={36},
  number={1},
  pages={158--183},
  year={2006},
  publisher={SIAM}
}
@article{drineas2016randnla,
  title={RandNLA: randomized numerical linear algebra},
  author={Drineas, Petros and Mahoney, Michael W},
  journal={Communications of the ACM},
  volume={59},
  number={6},
  pages={80--90},
  year={2016},
  publisher={ACM New York, NY, USA}
}

@article{robbins1951stochastic,
  title={A stochastic approximation method},
  author={Robbins, Herbert and Monro, Sutton},
  journal={The annals of mathematical statistics},
  pages={400--407},
  year={1951},
  publisher={JSTOR}
}
@article{hoffman1973complexity,
  title={Complexity bounds for regular finite difference and finite element grids},
  author={Hoffman, Alan J and Martin, Michael S and Rose, Donald J},
  journal={SIAM Journal on Numerical Analysis},
  volume={10},
  number={2},
  pages={364--369},
  year={1973},
  publisher={SIAM}
}
@incollection{bottou2010large,
  title={Large-scale machine learning with stochastic gradient descent},
  author={Bottou, L{\'e}on},
  booktitle={Proceedings of COMPSTAT'2010},
  pages={177--186},
  year={2010},
  publisher={Springer}
}

@article{tallec2017unbiasing,
  title={Unbiasing Truncated Backpropagation Through Time},
  author={Tallec, Corentin and Ollivier, Yann},
  journal={arXiv preprint arXiv:1705.08209},
  year={2017}
}

@article{mcleish2010general,
  title={A general method for debiasing a {M}onte {C}arlo estimator},
  author={McLeish, Don},
  journal={Monte Carlo Methods and Applications},
  year={2010}
}

@article{rhee2015unbiased,
  title={Unbiased estimation with square root convergence for {SDE} models},
  author={Rhee, Chang-han and Glynn, Peter W},
  journal={Operations Research},
  volume={63},
  number={5},
  pages={1026--1043},
  year={2015},
  publisher={INFORMS}
}

@article{lyne2015russian,
  title={On {R}ussian roulette estimates for {B}ayesian inference with doubly-intractable likelihoods},
  author={Lyne, Anne-Marie and Girolami, Mark and Atchad{\'e}, Yves and Strathmann, Heiko and Simpson, Daniel and others},
  journal={Statistical science},
  volume={30},
  number={4},
  pages={443--467},
  year={2015},
  publisher={Institute of Mathematical Statistics}
}

@inproceedings{rhee2012new,
  title={A new approach to unbiased estimation for {SDE}s},
  author={Rhee, Chang-han and Glynn, Peter W},
  booktitle={Proceedings of the Winter Simulation Conference},
  pages={17},
  year={2012},
  organization={Winter Simulation Conference}
}

@article{vihola2017unbiased,
  title={Unbiased estimators and multilevel {M}onte {C}arlo},
  author={Vihola, Matti},
  journal={Operations Research},
  volume={66},
  number={2},
  pages={448--462},
  year={2017},
  publisher={INFORMS}
}

@article{giles2015multilevel,
  title={Multilevel {M}onte {C}arlo methods},
  author={Giles, Michael B},
  journal={Acta Numerica},
  volume={24},
  pages={259--328},
  year={2015},
  publisher={Cambridge University Press}
}

@article{jacob2015nonnegative,
  title={On nonnegative unbiased estimators},
  author={Jacob, Pierre E and Thiery, Alexandre H},
  journal={The Annals of Statistics},
  volume={43},
  number={2},
  pages={769--784},
  year={2015},
  publisher={Institute of Mathematical Statistics}
}

@article{kuti1982stochastic,
  title={Stochastic method for the numerical study of lattice fermions},
  author={Kuti, Julius},
  journal={Physical Review Letters},
  volume={49},
  number={3},
  pages={183},
  year={1982},
  publisher={APS}
}

@article{wagner1987unbiased,
  title={Unbiased {M}onte {C}arlo evaluation of certain functional integrals},
  author={Wagner, Wolfgang},
  journal={Journal of Computational Physics},
  volume={71},
  number={1},
  pages={21--33},
  year={1987},
  publisher={Elsevier}
}

@article{rychlik1990unbiased,
  title={Unbiased nonparametric estimation of the derivative of the mean},
  author={Rychlik, Tomasz},
  journal={Statistics \& probability letters},
  volume={10},
  number={4},
  pages={329--333},
  year={1990},
  publisher={Elsevier}
}

@article{rychlik1995class,
  title={A class of unbiased kernel estimates of a probability density function},
  author={Rychlik, Tomasz},
  journal={Applicationes Mathematicae},
  volume={22},
  number={4},
  pages={485--497},
  year={1995}
}

@article{akritas2001non,
  title={Non-parametric estimation of the residual distribution},
  author={Akritas, Michael G and Van Keilegom, Ingrid},
  journal={Scandinavian Journal of Statistics},
  volume={28},
  number={3},
  pages={549--567},
  year={2001},
  publisher={Wiley Online Library}
}

@article{rychlik1995class,
  title={A class of unbiased kernel estimates of a probability density function},
  author={Rychlik, Tomasz},
  journal={Applicationes Mathematicae},
  volume={22},
  number={4},
  pages={485--497},
  year={1995}
}

@techreport{girolami2013playing,
  title={Playing {R}ussian roulette with intractable likelihoods},
  author={Girolami, Mark and Lyne, Anne-Marie and Strathmann, Heiko and Simpson, Daniel and Atchade, Yves},
  year={2013},
  institution={Citeseer}
}

@article{szesci2003variance,
  title={Variance reduction for {R}ussian-roulette},
  author={Sz{\'e}sci, L{\'a}szl{\'o} and Szirmay-Kalos, L{\'a}szl{\'o} and Kelemen, Csaba},
  year={2003},
  publisher={UNION Agency--Science Press}
}

@incollection{raab2008unbiased,
  title={Unbiased global illumination with participating media},
  author={Raab, Matthias and Seibert, Daniel and Keller, Alexander},
  booktitle={Monte Carlo and Quasi-Monte Carlo Methods 2006},
  pages={591--605},
  year={2008},
  publisher={Springer}
}

@inproceedings{danskin1992fast,
  title={Fast algorithms for volume ray tracing},
  author={Danskin, John and Hanrahan, Pat},
  booktitle={Proceedings of the 1992 workshop on Volume visualization},
  pages={91--98},
  year={1992},
  organization={ACM}
}

@book{lux2018monte,
  title={{M}onte {C}arlo Particle Transport Methods: 0},
  author={Lux, Ivan},
  year={2018},
  publisher={CRC press}
}

@article{wilson1984variance,
  title={Variance reduction techniques for digital simulation},
  author={Wilson, James R},
  journal={American Journal of Mathematical and Management Sciences},
  volume={4},
  number={3-4},
  pages={277--312},
  year={1984},
  publisher={Taylor \& Francis}
}

@article{bottou1998online,
  title={Online learning and stochastic approximations},
  author={Bottou, L{\'e}on},
  journal={On-line learning in neural networks},
  volume={17},
  number={9},
  pages={142},
  year={1998}
}

@inproceedings{balles2016coupling,
  title={Coupling adaptive batch sizes with learning rates},
  author={Balles, Lukas and Romero, Javier and Hennig, Philipp},
  booktitle={Uncertainty in Artificial Intelligence},
  year={2016}
}

@article{hazan2016introduction,
  title={Introduction to online convex optimization},
  author={Hazan, Elad and others},
  journal={Foundations and Trends{\textregistered} in Optimization},
  volume={2},
  number={3-4},
  pages={157--325},
  year={2016},
  publisher={Now Publishers, Inc.}
}

@inproceedings{mahsereci2015probabilistic,
  title={Probabilistic line searches for stochastic optimization},
  author={Mahsereci, Maren and Hennig, Philipp},
  booktitle={Neural Information Processing Systems},
  pages={181--189},
  year={2015}
}

@inproceedings{smith2017don,
  title={Don't Decay the Learning Rate, Increase the Batch Size},
  author={Smith, Samuel L and Kindermans, Pieter-Jan and Le, Quoc V},
  booktitle={International Conference on Learning Representations},
  year={2018}
}

@inproceedings{jaderberg2016decoupled,
  title={Decoupled neural interfaces using synthetic gradients},
  author={Jaderberg, Max and Czarnecki, Wojciech Marian and Osindero, Simon and Vinyals, Oriol and Graves, Alex and Silver, David and Kavukcuoglu, Koray},
  journal={International Conference on Machine Learning},
  year={2016}
}

@article{hazan2016introduction,
  title={Introduction to online convex optimization},
  author={Hazan, Elad and others},
  journal={Foundations and Trends{\textregistered} in Optimization},
  volume={2},
  number={3-4},
  pages={157--325},
  year={2016},
  publisher={Now Publishers, Inc.}
}

@article{merity2018analysis,
  title={An Analysis of Neural Language Modeling at Multiple Scales},
  author={Merity, Stephen and Keskar, Nitish Shirish and Socher, Richard},
  journal={arXiv preprint arXiv:1803.08240},
  year={2018}
}

@article{merity2017regularizing,
  title={Regularizing and optimizing {LSTM} language models},
  author={Merity, Stephen and Keskar, Nitish Shirish and Socher, Richard},
  journal={arXiv preprint arXiv:1708.02182},
  year={2017}
}

@inproceedings{wu2018understanding,
title={Understanding Short-Horizon Bias in Stochastic Meta-Optimization},
author={Yuhuai Wu and Mengye Ren and Renjie Liao and Roger Grosse.},
booktitle={International Conference on Learning Representations},
year={2018}
}

@inproceedings{ha2016hypernetworks,
  title={Hypernetworks},
  author={Ha, David and Dai, Andrew and Le, Quoc V},
  booktitle={International Conference on Learning Representations},
  year={2016}
}

@incollection{chen2018neural,
title = {Neural Ordinary Differential Equations},
author = {Chen, Tian Qi and Rubanova, Yulia and Bettencourt, Jesse and Duvenaud, David K},
booktitle = {Neural Information Processing Systems},
editor = {S. Bengio and H. Wallach and H. Larochelle and K. Grauman and N. Cesa-Bianchi and R. Garnett},
pages = {6572--6583},
year = {2018},
publisher = {Curran Associates, Inc.}
}

@article{forsythe1950matrix,
  title={Matrix inversion by a {M}onte {C}arlo method},
  author={Forsythe, George E and Leibler, Richard A},
  journal={Mathematics of Computation},
  volume={4},
  number={31},
  pages={127--129},
  year={1950}
}

@article{kuti1982stochastic,
  title={Stochastic method for the numerical study of lattice fermions},
  author={Kuti, Julius},
  journal={Physical Review Letters},
  volume={49},
  number={3},
  pages={183},
  year={1982},
  publisher={APS}
}

@article{wagner1987unbiased,
  title={Unbiased {M}onte {C}arlo evaluation of certain functional integrals},
  author={Wagner, Wolfgang},
  journal={Journal of Computational Physics},
  volume={71},
  number={1},
  pages={21--33},
  year={1987},
  publisher={Elsevier}
}

@article{kahn1955use,
  title={Use of different {M}onte {C}arlo sampling techniques},
  author={Kahn, Herman},
  year={1955},
  publisher={Rand Corporation}
}

@book{spanier1969monte,
  title={Monte {C}arlo Principles and Neutron Transport Problems},
  author={Spanier, Jerome and Gelbard, Ely M},
  year={1969},
  publisher={Addison-Wesley Publishing Company}
}

@article{fearnhead2008particle,
  title={Particle filters for partially observed diffusions},
  author={Fearnhead, Paul and Papaspiliopoulos, Omiros and Roberts, Gareth O},
  journal={Journal of the Royal Statistical Society: Series B (Statistical Methodology)},
  volume={70},
  number={4},
  pages={755--777},
  year={2008},
  publisher={Wiley Online Library}
}

@article{arvo1990particle,
  title={Particle transport and image synthesis},
  author={Arvo, James and Kirk, David},
  journal={ACM SIGGRAPH Computer Graphics},
  volume={24},
  number={4},
  pages={63--66},
  year={1990},
  publisher={ACM}
}

@article{bottou2018optimization,
  title={Optimization methods for large-scale machine learning},
  author={Bottou, L{\'e}on and Curtis, Frank E and Nocedal, Jorge},
  journal={SIAM Review},
  volume={60},
  number={2},
  pages={223--311},
  year={2018},
  publisher={SIAM}
}

@inproceedings{domke2012generic,
  title={Generic methods for optimization-based modeling},
  author={Domke, Justin},
  booktitle={Artificial Intelligence and Statistics},
  pages={318--326},
  year={2012}
}

@article{shaban2018truncated,
  title={Truncated Back-propagation for Bilevel Optimization},
  author={Shaban, Amirreza and Cheng, Ching-An and Hatch, Nathan and Boots, Byron},
  journal={arXiv preprint arXiv:1810.10667},
  year={2018}
}

@inproceedings{maclaurin2015gradient,
  title={Gradient-based hyperparameter optimization through reversible learning},
  author={Maclaurin, Dougal and Duvenaud, David and Adams, Ryan},
  booktitle={International Conference on Machine Learning},
  pages={2113--2122},
  year={2015}
}

@inproceedings{franceschi2017forward,
  title={Forward and reverse gradient-based hyperparameter optimization},
  author={Franceschi, Luca and Donini, Michele and Frasconi, Paolo and Pontil, Massimiliano},
  booktitle={International Conference on Machine Learning},
  year={2017}
}

@inproceedings{ravi2016optimization,
  title={Optimization as a model for few-shot learning},
  author={Ravi, Sachin and Larochelle, Hugo},
  booktitle={International Conference on Learning Representations},
  year={2016}
}

@inproceedings{finn2017model,
  title={Model-Agnostic Meta-Learning for Fast Adaptation of Deep Networks},
  author={Finn, Chelsea and Abbeel, Pieter and Levine, Sergey},
  booktitle={International Conference on Machine Learning},
  year={2017}
}

@inproceedings{kingma2013auto,
  title={Auto-encoding variational {B}ayes},
  author={Kingma, Diederik P and Welling, Max},
  booktitle={International Conference on Learning Representations},
  year={2014}
}

@inproceedings{kim2018semi,
  title={Semi-Amortized Variational Autoencoders},
  author={Kim, Yoon and Wiseman, Sam and Miller, Andrew C and Sontag, David and Rush, Alexander M},
  booktitle={International conference on Machine Learning},
  year={2018}
}

@inproceedings{
brock2018smash,
title={{SMASH}: One-Shot Model Architecture Search through HyperNetworks},
author={Andrew Brock and Theo Lim and J.M. Ritchie and Nick Weston},
booktitle={International Conference on Learning Representations},
year={2018},
_url={https://openreview.net/forum?id=rydeCEhs-},
}

@phdthesis{schmidhuber1987evolutionary,
  title={Evolutionary principles in self-referential learning, or on learning how to learn: the meta-meta-... hook},
  author={Schmidhuber, J{\"u}rgen},
  year={1987},
  school={Technische Universit{\"a}t M{\"u}nchen}
}

@inproceedings{bengio1992optimization,
  title={On the optimization of a synaptic learning rule},
  author={Bengio, Samy and Bengio, Yoshua and Cloutier, Jocelyn and Gecsei, Jan},
  booktitle={Conference on Optimality in Artificial and Biological Neural Networks},
  year={1992}
}

@inproceedings{
zoph2016neural,
title={Neural architecture search with reinforcement learning},
author={Zoph, Barret and Le, Quoc V},
booktitle={International Conference on Learning Representations},
year={2016}
}

@inproceedings{snoek2012practical,
  title={Practical {B}ayesian optimization of machine learning algorithms},
  author={Snoek, Jasper and Larochelle, Hugo and Adams, Ryan P},
  booktitle={Neural Information Processing Systems},
  pages={2951--2959},
  year={2012}
}

@inproceedings{real2017large,
  title={Large-Scale Evolution of Image Classifiers},
  author={Real, Esteban and Moore, Sherry and Selle, Andrew and Saxena, Saurabh and Suematsu, Yutaka Leon and Tan, Jie and Le, Quoc V and Kurakin, Alexey},
  booktitle={International Conference on Machine Learning},
  pages={2902--2911},
  year={2017}
}

@inproceedings{
liu2018darts,
title={{DARTS}: Differentiable Architecture Search},
author={Hanxiao Liu and Karen Simonyan and Yiming Yang},
booktitle={International Conference on Learning Representations},
year={2019},
url={https://openreview.net/forum?id=S1eYHoC5FX},
}

@inproceedings{metz2016unrolled,
  title={Unrolled generative adversarial networks},
  author={Metz, Luke and Poole, Ben and Pfau, David and Sohl-Dickstein, Jascha},
  booktitle={International Conference on Learning Representations},
  year={2017}
}

@article{metz2018learned,
  title={Learned optimizers that outperform {SGD} on wall-clock and validation loss},
  author={Metz, Luke and Maheswaranathan, Niru and Nixon, Jeremy and Freeman, C Daniel and Sohl-Dickstein, Jascha},
  journal={arXiv preprint arXiv:1810.10180},
  year={2018}
}

@article{bergstra2012random,
  title={Random search for hyper-parameter optimization},
  author={Bergstra, James and Bengio, Yoshua},
  journal={Journal of Machine Learning Research},
  volume={13},
  number={Feb},
  pages={281--305},
  year={2012}
}

@inproceedings{andrychowicz2016learning,
  title={Learning to learn by gradient descent by gradient descent},
  author={Andrychowicz, Marcin and Denil, Misha and Colmenarejo, Sergio G{\'o}mez and Hoffman, Matthew W and Pfau, David and Schaul, Tom and Shillingford, Brendan and de Freitas, Nando},
  booktitle={Neural Information Processing Systems},
  pages={3988--3996},
  year={2016},
  organization={Curran Associates Inc.}
}

@article{blei2017variational,
  title={Variational inference: A review for statisticians},
  author={Blei, David M and Kucukelbir, Alp and McAuliffe, Jon D},
  journal={Journal of the American Statistical Association},
  volume={112},
  number={518},
  pages={859--877},
  year={2017},
  publisher={Taylor \& Francis}
}

@article{lorraine2018stochastic,
  title={Stochastic Hyperparameter Optimization through Hypernetworks},
  author={Lorraine, Jonathan and Duvenaud, David},
  journal={arXiv preprint arXiv:1802.09419},
  year={2018}
}

@article{cremer2018inference,
  title={Inference suboptimality in variational autoencoders},
  author={Cremer, Chris and Li, Xuechen and Duvenaud, David},
  journal={arXiv preprint arXiv:1801.03558},
  year={2018}
}

@article{weber2019credit,
  title={Credit Assignment Techniques in Stochastic Computation Graphs},
  author={Weber, Th{\'e}ophane and Heess, Nicolas and Buesing, Lars and Silver, David},
  journal={arXiv preprint arXiv:1901.01761},
  year={2019}
}

@inproceedings{goodfellow2014generative,
  title={Generative adversarial nets},
  author={Goodfellow, Ian and Pouget-Abadie, Jean and Mirza, Mehdi and Xu, Bing and Warde-Farley, David and Ozair, Sherjil and Courville, Aaron and Bengio, Yoshua},
  booktitle={Neural Information Processing Systems},
  pages={2672--2680},
  year={2014}
}

@article{trinh2018learning,
  title={Learning longer-term dependencies in {RNN}s with auxiliary losses},
  author={Trinh, Trieu H and Dai, Andrew M and Luong, Thang and Le, Quoc V},
  journal={arXiv preprint arXiv:1803.00144},
  year={2018}
}

@inproceedings{vaswani2017attention,
  title={Attention is all you need},
  author={Vaswani, Ashish and Shazeer, Noam and Parmar, Niki and Uszkoreit, Jakob and Jones, Llion and Gomez, Aidan N and Kaiser, {\L}ukasz and Polosukhin, Illia},
  booktitle={Neural Information Processing Systems},
  pages={5998--6008},
  year={2017}
}

@article{christianson1998reverse,
  title={Reverse accumulation and implicit functions},
  author={Christianson, Bruce},
  journal={Optimization Methods and Software},
  volume={9},
  number={4},
  pages={307--322},
  year={1998},
  publisher={Taylor \& Francis}
}

@article{jameson1988aerodynamic,
  title={Aerodynamic design via control theory},
  author={Jameson, Antony},
  journal={Journal of Scientific Computing},
  volume={3},
  number={3},
  pages={233--260},
  year={1988},
  publisher={Springer}
}

@book{rudin1976principles,
  title={Principles of Mathematical Analysis},
  author={Rudin, Walter and others},
  volume={3},
  number={4.2},
  year={1976},
  publisher={McGraw-hill New York}
}

@inproceedings{kingma2014adam,
  title={Adam: A method for stochastic optimization},
  author={Kingma, Diederik P and Ba, Jimmy},
  booktitle={International Conference on Learning Representations},
  year={2014}
}

@inproceedings{jaderberg2017decoupled,
  title={Decoupled neural interfaces using synthetic gradients},
  author={Jaderberg, Max and Czarnecki, Wojciech Marian and Osindero, Simon and Vinyals, Oriol and Graves, Alex and Silver, David and Kavukcuoglu, Koray},
  booktitle={International Conference on Machine Learning},
  pages={1627--1635},
  year={2017},
  organization={JMLR. org}
}

@inproceedings{wei2016markov,
  title={Markov chain truncation for doubly-intractable inference},
  author={Wei, Colin and Murray, Iain},
  booktitle={International Conference on Artificial Intelligence and Statistics (AISTATS)},
  year={2016}
}

@article{jacob2017unbiased,
  title={Unbiased {M}arkov chain {M}onte {C}arlo with couplings},
  author={Jacob, Pierre E and O'Leary, John and Atchad{\'e}, Yves F},
  journal={arXiv preprint arXiv:1708.03625},
  year={2017}
}

@Misc{petsc-web-page,
  author = {Satish Balay and Shrirang Abhyankar and Mark~F. Adams and Jed Brown and Peter Brune
            and Kris Buschelman and Lisandro Dalcin and Alp Dener and Victor Eijkhout and William~D. Gropp
            and Dmitry Karpeyev and Dinesh Kaushik and Matthew~G. Knepley and Dave~A. May and Lois Curfman McInnes
            and Richard Tran Mills and Todd Munson and Karl Rupp and Patrick Sanan
            and Barry~F. Smith and Stefano Zampini and Hong Zhang and Hong Zhang},
  title =  {{PETS}c {W}eb page},
  url =    {https://www.mcs.anl.gov/petsc},
  howpublished = {\url{https://www.mcs.anl.gov/petsc}},
  year = {2019}
}

@incollection{schroder2014numerical,
  title={A numerical two-scale homogenization scheme: the FE 2-method},
  author={Schr{\"o}der, J{\"o}rg},
  booktitle={Plasticity and beyond},
  pages={1--64},
  year={2014},
  publisher={Springer}
}

@article{xue2020data,
  title={A data-driven computational scheme for the nonlinear mechanical properties of cellular mechanical metamaterials under large deformation},
  author={Xue, Tianju and Beatson, Alex and Chiaramonte, Maurizio and Roeder, Geoffrey and Ash, Jordan T and Menguc, Yigit and Adriaenssens, Sigrid and Adams, Ryan P and Mao, Sheng},
  journal={Soft matter},
  volume={16},
  number={32},
  pages={7524--7534},
  year={2020},
  publisher={Royal Society of Chemistry}
}

@book{aliabadi2002boundary,
  title={The boundary element method, volume 2: applications in solids and structures},
  author={Aliabadi, Mohammad H},
  volume={2},
  year={2002},
  publisher={John Wiley \& Sons}
}

% HMC
@article{duane1987hybrid,
  title={Hybrid {M}onte {C}arlo},
  author={Duane, Simon and Kennedy, Anthony D and Pendleton, Brian J and Roweth, Duncan},
  journal={Physics Letters B},
  volume={195},
  number={2},
  pages={216--222},
  year={1987},
  publisher={Elsevier}
}

% Surrogate based opt
@article{shahriari2015taking,
  title={Taking the human out of the loop: A review of {B}ayesian optimization},
  author={Shahriari, Bobak and Swersky, Kevin and Wang, Ziyu and Adams, Ryan P and De Freitas, Nando},
  journal={Proceedings of the IEEE},
  volume={104},
  number={1},
  pages={148--175},
  year={2015},
  publisher={IEEE}
}
@article{queipo2005surrogate,
  title={Surrogate-based analysis and optimization},
  author={Queipo, Nestor V and Haftka, Raphael T and Shyy, Wei and Goel, Tushar and Vaidyanathan, Rajkumar and Tucker, P Kevin},
  journal={Progress in Aerospace Sciences},
  volume={41},
  number={1},
  pages={1--28},
  year={2005},
  publisher={Elsevier}
}
@article{forrester2009recent,
  title={Recent advances in surrogate-based optimization},
  author={Forrester, Alexander IJ and Keane, Andy J},
  journal={Progress in Aerospace Sciences},
  volume={45},
  number={1-3},
  pages={50--79},
  year={2009},
  publisher={Elsevier}
}
%Bilevel opt
@article{beatson2019efficient,
  title={Efficient optimization of loops and limits with randomized telescoping sums},
  author={Beatson, Alex and Adams, Ryan P},
  journal={arXiv preprint arXiv:1905.07006},
  year={2019}
}
@article{wu2018understanding,
  title={Understanding short-horizon bias in stochastic meta-optimization},
  author={Wu, Yuhuai and Ren, Mengye and Liao, Renjie and Grosse, Roger},
  journal={arXiv preprint arXiv:1803.02021},
  year={2018}
}
@article{kingma2013auto,
  title={Auto-encoding variational {B}ayes},
  author={Kingma, Diederik P and Welling, Max},
  journal={arXiv preprint arXiv:1312.6114},
  year={2013}
}
@article{tallec2017unbiasing,
  title={Unbiasing truncated backpropagation through time},
  author={Tallec, Corentin and Ollivier, Yann},
  journal={arXiv preprint arXiv:1705.08209},
  year={2017}
}
@article{shaban2018truncated,
  title={Truncated back-propagation for bilevel optimization},
  author={Shaban, Amirreza and Cheng, Ching-An and Hatch, Nathan and Boots, Byron},
  journal={arXiv preprint arXiv:1810.10667},
  year={2018}
}
@article{brock2017smash,
  title={Smash: one-shot model architecture search through hypernetworks},
  author={Brock, Andrew and Lim, Theodore and Ritchie, James M and Weston, Nick},
  journal={arXiv preprint arXiv:1708.05344},
  year={2017}
}
% Adjoint
@book{lions1971optimal,
  title={Optimal control of systems governed by partial differential equations},
  author={Lions, J.L.},
  _isbn={9783540051152},
  lccn={lc78113638},
  series={Grundlehren der mathematischen Wissenschaften},
  _url={https://books.google.com/books?id=1TYgWwbmFGMC},
  year={1971},
  publisher={Springer-Verlag}
}
@book{suli2003introduction,
  title={An introduction to numerical analysis},
  author={S{\"u}li, Endre and Mayers, David F},
  year={2003},
  publisher={Cambridge university press}
}
% Collapsed optimization
@inproceedings{teh2007collapsed,
  title={A collapsed variational {B}ayesian inference algorithm for latent {D}irichlet allocation},
  author={Teh, Yee W and Newman, David and Welling, Max},
  booktitle={Advances in Neural Information Processing Systems},
  pages={1353--1360},
  year={2007}
}
@article{geman1984stochastic,
  title={Stochastic relaxation, {G}ibbs distributions, and the {B}ayesian restoration of images},
  author={Geman, Stuart and Geman, Donald},
  journal={IEEE Transactions on Pattern Analysis and Machine Intelligence},
  number={6},
  pages={721--741},
  year={1984},
  publisher={IEEE}
}
@article{liu1994collapsed,
  title={The collapsed {G}ibbs sampler in {B}ayesian computations with applications to a gene regulation problem},
  author={Liu, Jun S},
  journal={Journal of the American Statistical Association},
  volume={89},
  number={427},
  pages={958--966},
  year={1994},
  publisher={Taylor \& Francis Group}
}
@article{mackay2019self,
  title={Self-tuning networks: Bilevel optimization of hyperparameters using structured best-response functions},
  author={MacKay, Matthew and Vicol, Paul and Lorraine, Jon and Duvenaud, David and Grosse, Roger},
  journal={arXiv preprint arXiv:1903.03088},
  year={2019}
}

% METAMATERIALS
@inproceedings{ion2016metamaterial,
  title={Metamaterial mechanisms},
  author={Ion, Alexandra and Frohnhofen, Johannes and Wall, Ludwig and Kovacs, Robert and Alistar, Mirela and Lindsay, Jack and Lopes, Pedro and Chen, Hsiang-Ting and Baudisch, Patrick},
  booktitle={Proceedings of the 29th Annual Symposium on User Interface Software and Technology},
  pages={529--539},
  year={2016}
}
@article{bertoldi2017flexible,
  title={Flexible mechanical metamaterials},
  author={Bertoldi, Katia and Vitelli, Vincenzo and Christensen, Johan and van Hecke, Martin},
  journal={Nature Reviews Materials},
  volume={2},
  number={11},
  pages={1--11},
  year={2017},
  publisher={Nature Publishing Group}
}

@article{poddubny2013hyperbolic,
  title={Hyperbolic metamaterials},
  author={Poddubny, Alexander and Iorsh, Ivan and Belov, Pavel and Kivshar, Yuri},
  journal={Nature photonics},
  volume={7},
  number={12},
  pages={948},
  year={2013},
  publisher={Nature Publishing Group}
}
@book{cai2010optical,
  title={Optical metamaterials},
  author={Cai, Wenshan and Shalaev, Vladimir M},
  volume={10},
  number={6011},
  year={2010},
  publisher={Springer}
}
@article{overvelde2014relating,
  title={Relating pore shape to the non-linear response of periodic elastomeric structures},
  author={Overvelde, Johannes TB and Bertoldi, Katia},
  journal={Journal of the Mechanics and Physics of Solids},
  volume={64},
  pages={351--366},
  year={2014},
  publisher={Elsevier}
}

@article{berkooz1993proper,
  title={The proper orthogonal decomposition in the analysis of turbulent flows},
  author={Berkooz, Gal and Holmes, Philip and Lumley, John L},
  journal={Annual Review of Fluid Mechanics},
  volume={25},
  number={1},
  pages={539--575},
  year={1993},
  publisher={Annual Reviews 4139 El Camino Way, PO Box 10139, Palo Alto, CA 94303-0139, USA}
}

% Snapshots


% Newton methods
@article{sheng2002automatic,
  title={An automatic {N}ewton--{R}aphson scheme},
  author={Sheng, Daichao and Sloan, Scott W and Abbo, Andrew J},
  journal={The International Journal Geomechanics},
  volume={2},
  number={4},
  pages={471--502},
  year={2002},
  publisher={Taylor \& Francis}
}

@article{kythe2004introduction,
  title={An introduction to linear and nonlinear finite element analysis: a computational approach},
  author={Kythe, Prem K and Wei, Dongming and Okrouhlik, M},
  journal={Appl. Mech. Rev.},
  volume={57},
  number={5},
  pages={B25--B25},
  year={2004}
}

% DEFORMATION
@book{ogden1997non,
  title={Non-linear Elastic Deformations},
  author={Ogden, R.W.},
  ___isbn={9780486696485},
  lccn={97016162},
  series={Dover Civil and Mechanical Engineering},
  __url={https://books.google.com/books?id=gPUMmyYdNIgC},
  year={1997},
  publisher={Dover Publications}
}

% ATMOSPHERIC
@article{brenowitz2018prognostic,
  title={Prognostic validation of a neural network unified physics parameterization},
  author={Brenowitz, Noah D and Bretherton, Christopher S},
  journal={Geophysical Research Letters},
  volume={45},
  number={12},
  pages={6289--6298},
  year={2018},
  publisher={Wiley Online Library}
}

% ENERGY
@article{samaniego2019energy,
  title={An Energy Approach to the Solution of Partial Differential Equations in Computational Mechanics via Machine Learning: Concepts, Implementation and Applications},
  author={Samaniego, Esteban and Anitescu, Cosmin and Goswami, Somdatta and Nguyen-Thanh, Vien Minh and Guo, Hongwei and Hamdia, Khader and Rabczuk, Timon and Zhuang, Xiaoying},
  journal={arXiv preprint arXiv:1908.10407},
  year={2019}
}


% Sobolev
@inproceedings{czarnecki2017sobolev,
  title={Sobolev training for neural networks},
  author={Czarnecki, Wojciech M and Osindero, Simon and Jaderberg, Max and Swirszcz, Grzegorz and Pascanu, Razvan},
  booktitle={Advances in Neural Information Processing Systems},
  pages={4278--4287},
  year={2017}
}

% Systems

% Pytorch
@inproceedings{paszke2019pytorch,
  title={PyTorch: An imperative style, high-performance deep learning library},
  author={Paszke, Adam and Gross, Sam and Massa, Francisco and Lerer, Adam and Bradbury, James and Chanan, Gregory and Killeen, Trevor and Lin, Zeming and Gimelshein, Natalia and Antiga, Luca and others},
  booktitle={Advances in Neural Information Processing Systems},
  pages={8024--8035},
  year={2019}
}

% Ray
@inproceedings{moritz2018ray,
  title={Ray: A distributed framework for emerging {AI} applications},
  author={Moritz, Philipp and Nishihara, Robert and Wang, Stephanie and Tumanov, Alexey and Liaw, Richard and Liang, Eric and Elibol, Melih and Yang, Zongheng and Paul, William and Jordan, Michael I and others},
  booktitle={13th {USENIX} Symposium on Operating Systems Design and Implementation ({OSDI} 18)},
  pages={561--577},
  year={2018}
}

% Fenics
@article{alnaes2015fenics,
  title={The {FEniCS} project version 1.5},
  author={Aln{\ae}s, Martin and Blechta, Jan and Hake, Johan and Johansson, August and Kehlet, Benjamin and Logg, Anders and Richardson, Chris and Ring, Johannes and Rognes, Marie E and Wells, Garth N},
  journal={Archive of Numerical Software},
  volume={3},
  number={100},
  year={2015}
}
@article{ham2019automated,
  title={Automated shape differentiation in the Unified Form Language},
  author={Ham, David A and Mitchell, Lawrence and Paganini, Alberto and Wechsung, Florian},
  journal={Structural and Multidisciplinary Optimization},
  volume={60},
  number={5},
  pages={1813--1820},
  year={2019},
  publisher={Springer}
}
@book{logg2012automated,
  title = {Automated Solution of Differential Equations by the Finite Element Method},
  author = {Anders Logg and Kent-Andre Mardal and Garth N. Wells and others},
  year = {2012},
  publisher = {Springer},
  doi = {10.1007/978-3-642-23099-8},
  __isbn = {978-3-642-23098-1},
}

% Dolfin
@article{logg2010dolfin,
  title={{DOLFIN}: Automated finite element computing},
  author={Logg, Anders and Wells, Garth N},
  journal={ACM Transactions on Mathematical Software (TOMS)},
  volume={37},
  number={2},
  pages={1--28},
  year={2010},
  publisher={ACM New York, NY, USA}
}

@incollection{logg2012dolfin,
  title={{DOLFIN}: A {C++/Python} finite element library},
  author={Logg, Anders and Wells, Garth N and Hake, Johan},
  booktitle={Automated solution of differential equations by the finite element method},
  pages={173--225},
  year={2012},
  publisher={Springer}
}
% Dolfin adjoint
@article{mitusch2019dolfin,
  title={dolfin-adjoint 2018.1: automated adjoints for {FEniCS} and {Firedrake}},
  author={Mitusch, Sebastian and Funke, Simon and Dokken, J{\o}rgen},
  journal={Journal of Open Source Software},
  volume={4},
  number={38},
  pages={1292},
  year={2019}
}
% Pytorch

% Dagger
@inproceedings{ross2011reduction,
  title={A reduction of imitation learning and structured prediction to no-regret online learning},
  author={Ross, St{\'e}phane and Gordon, Geoffrey and Bagnell, Drew},
  booktitle={Proceedings of the Fourteenth International Conference on Artificial Intelligence and Statistics},
  pages={627--635},
  year={2011}
}

% IL

@inproceedings{schroecker2017state,
  title={State aware imitation learning},
  author={Schroecker, Yannick and Isbell, Charles L},
  booktitle={Advances in Neural Information Processing Systems},
  pages={2911--2920},
  year={2017}
}
@article{daume2009search,
  title={Search-based structured prediction},
  author={Daum{\'e}, Hal and Langford, John and Marcu, Daniel},
  journal={Machine Learning},
  volume={75},
  number={3},
  pages={297--325},
  year={2009},
  publisher={Springer}
}
@inproceedings{ross2010efficient,
  title={Efficient reductions for imitation learning},
  author={Ross, St{\'e}phane and Bagnell, Drew},
  booktitle={Proceedings of the Thirteenth International Conference on Artificial Intelligence and Statistics},
  pages={661--668},
  year={2010}
}

% NN

@article{zhu2019physics,
  title={Physics-constrained deep learning for high-dimensional surrogate modeling and uncertainty quantification without labeled data},
  author={Zhu, Yinhao and Zabaras, Nicholas and Koutsourelakis, Phaedon-Stelios and Perdikaris, Paris},
  journal={Journal of Computational Physics},
  volume={394},
  pages={56--81},
  year={2019},
  publisher={Elsevier}
}

@article{nie2020stress,
  title={Stress Field Prediction in Cantilevered Structures Using Convolutional Neural Networks},
  author={Nie, Zhenguo and Jiang, Haoliang and Kara, Levent Burak},
  journal={Journal of Computing and Information Science in Engineering},
  volume={20},
  number={1},
  year={2020},
  publisher={American Society of Mechanical Engineers Digital Collection}
}

@article{lagaris1998artificial,
  title={Artificial neural networks for solving ordinary and partial differential equations},
  author={Lagaris, Isaac E and Likas, Aristidis and Fotiadis, Dimitrios I},
  journal={IEEE Transactions on Neural Networks},
  volume={9},
  number={5},
  pages={987--1000},
  year={1998},
  publisher={IEEE}
}

@article{lopez2008neural,
  title={Neural networks for variational problems in engineering},
  author={Lopez, R and Balsa-Canto, Eva and O{\~n}ate, Eugenio},
  journal={International Journal for Numerical Methods in Engineering},
  volume={75},
  number={11},
  pages={1341--1360},
  year={2008},
  publisher={Wiley Online Library}
}

@article{weinan2018deep,
  title={The deep {Ritz} method: a deep learning-based numerical algorithm for solving variational problems},
  author={Weinan, E and Yu, Bing},
  journal={Communications in Mathematics and Statistics},
  volume={6},
  number={1},
  pages={1--12},
  year={2018},
  publisher={Springer}
}

@article{sirignano2018dgm,
  title={DGM: A deep learning algorithm for solving partial differential equations},
  author={Sirignano, Justin and Spiliopoulos, Konstantinos},
  journal={Journal of Computational Physics},
  volume={375},
  pages={1339--1364},
  year={2018},
  publisher={Elsevier}
}

% FENICS
@book{LoggMardalEtAl2012a,
  title = {Automated Solution of Differential Equations by the Finite Element Method},
  author = {Anders Logg and Kent-Andre Mardal and Garth N. Wells and others},
  year = {2012},
  publisher = {Springer},
  doi = {10.1007/978-3-642-23099-8},
  _isbn = {978-3-642-23098-1},
}

@article{AlnaesBlechta2015a,
  title = {The {FEniCS} Project Version 1.5},
  author = {Martin S. Aln{\ae}s and Jan Blechta and Johan Hake and August Johansson and Benjamin Kehlet and Anders Logg and Chris Richardson and Johannes Ring and Marie E. Rognes and Garth N. Wells},
  year = {2015},
  journal = {Archive of Numerical Software},
  volume = {3},
  number = {100},
  doi = {10.11588/ans.2015.100.20553},
  page = {9-23},
}

@article{farrell2013automated,
  title={Automated derivation of the adjoint of high-level transient finite element programs},
  author={Farrell, Patrick E and Ham, David A and Funke, Simon W and Rognes, Marie E},
  journal={SIAM Journal on Scientific Computing},
  volume={35},
  number={4},
  pages={C369--C393},
  year={2013},
  publisher={SIAM}
}

% Multiscale / multi mesh
@article{hughes1998variational,
  title={The variational multiscale method—a paradigm for computational mechanics},
  author={Hughes, Thomas JR and Feij{\'o}o, Gonzalo R and Mazzei, Luca and Quincy, Jean-Baptiste},
  journal={Computer Methods in Applied Mechanics and Engineering},
  volume={166},
  number={1-2},
  pages={3--24},
  year={1998},
  publisher={Elsevier}
}

% Continuum mechanics
@article{holzapfel2002nonlinear,
  title={Nonlinear solid mechanics: a continuum approach for engineering science},
  author={Holzapfel, Gerhard A},
  journal={Meccanica},
  volume={37},
  number={4},
  pages={489--490},
  year={2002},
  publisher={Springer}
} % We should get a copy of this perhaps

@article{fung1977first,
  title={A first course in continuum mechanics},
  author={Fung, Yuan-cheng},
  journal={Englewood Cliffs, NJ, Prentice-Hall, Inc., 1977. 351 p.},
  year={1977}
}

% Topology optimization
@incollection{bendsoe2001topology,
  title={Topology optimization},
  author={Bends{\o}e, Martin P},
  booktitle={Encyclopedia of Optimization},
  pages={2636--2638},
  year={2001},
  publisher={Springer}
}

% Model order reduction
@article{chatterjee2000introduction,
  title={An introduction to the proper orthogonal decomposition},
  author={Chatterjee, Anindya},
  journal={Current Science},
  pages={808--817},
  year={2000},
  publisher={JSTOR}
}

@article{chinesta2011short,
  title={A short review on model order reduction based on proper generalized decomposition},
  author={Chinesta, Francisco and Ladeveze, Pierre and Cueto, El{\'\i}as},
  journal={Archives of Computational Methods in Engineering},
  volume={18},
  number={4},
  pages={395},
  year={2011},
  publisher={Springer}
}


% Dealing with complex geometry
@article{hughes2005isogeometric,
  title={Isogeometric analysis: {CAD}, finite elements, {NURBS}, exact geometry and mesh refinement},
  author={Hughes, Thomas JR and Cottrell, John A and Bazilevs, Yuri},
  journal={Computer Methods in Applied Mechanics and Engineering},
  volume={194},
  number={39-41},
  pages={4135--4195},
  year={2005},
  publisher={Elsevier}
}

@book{cottrell2009isogeometric,
  title={Isogeometric analysis: toward integration of {CAD} and {FEA}},
  author={Cottrell, J Austin and Hughes, Thomas JR and Bazilevs, Yuri},
  year={2009},
  publisher={John Wiley \& Sons}
}

% MACHINE LEARNING STUFF
% NNs for solving PDEs
@article{lagaris1998artificial,
  title={Artificial neural networks for solving ordinary and partial differential equations},
  author={Lagaris, Isaac E and Likas, Aristidis and Fotiadis, Dimitrios I},
  journal={IEEE transactions on neural networks},
  volume={9},
  number={5},
  pages={987--1000},
  year={1998},
  publisher={IEEE}
}

@article{malek2006numerical,
  title={Numerical solution for high order differential equations using a hybrid neural network—optimization method},
  author={Malek, A and Beidokhti, R Shekari},
  journal={Applied Mathematics and Computation},
  volume={183},
  number={1},
  pages={260--271},
  year={2006},
  publisher={Elsevier}
}

@article{lagaris2000neural,
  title={Neural-network methods for boundary value problems with irregular boundaries},
  author={Lagaris, Isaac E and Likas, Aristidis C and Papageorgiou, Dimitris G},
  journal={IEEE Transactions on Neural Networks},
  volume={11},
  number={5},
  pages={1041--1049},
  year={2000},
  publisher={IEEE}
}

% NNs for predicting solution of PDEs

@article{nie2018deep,
  title={Deep Learning for Stress Field Prediction Using Convolutional Neural Networks},
  author={Nie, Zhenguo and Jiang, Haoliang and Kara, Levent Burak},
  journal={arXiv preprint arXiv:1808.08914},
  year={2018}
}

@article{long2017pde,
  title={{PDE-Net}: Learning {PDEs} from Data},
  author={Long, Zichao and Lu, Yiping and Ma, Xianzhong and Dong, Bin},
  journal={arXiv preprint arXiv:1710.09668},
  year={2017}
}

% Learned constituitive models / model order reduction

@article{hoerig2018cartesian,
  title={Cartesian Neural Network Constitutive Models for Data-driven Elasticity Imaging},
  author={Hoerig, Cameron and Ghaboussi, Jamshid and Insana, Michael F},
  journal={arXiv preprint arXiv:1809.04121},
  year={2018}
}

@article{hoerig2017information,
  title={An information-based machine learning approach to elasticity imaging},
  author={Hoerig, Cameron and Ghaboussi, Jamshid and Insana, Michael F},
  journal={Biomechanics and modeling in mechanobiology},
  volume={16},
  number={3},
  pages={805--822},
  year={2017},
  publisher={Springer}
}

@inproceedings{shen2017elman,
  title={Elman neural network-based identification of fabric weave patterns with wavelet \& radon transform},
  author={Shen, Jianqiang and Si, Chengyong and Zou, Xuan and Li, Taoning},
  booktitle={Image and Signal Processing, BioMedical Engineering and Informatics (CISP-BMEI), 2017 10th International Congress on},
  pages={1--5},
  year={2017},
  organization={IEEE}
}

@article{jung2006neural,
  title={Neural network constitutive model for rate-dependent materials},
  author={Jung, Sungmoon and Ghaboussi, Jamshid},
  journal={Computers \& Structures},
  volume={84},
  number={15-16},
  pages={955--963},
  year={2006},
  publisher={Elsevier}
}

@article{san2018neural,
  title={Neural network closures for nonlinear model order reduction},
  author={San, Omer and Maulik, Romit},
  journal={Advances in Computational Mathematics},
  pages={1--34},
  publisher={Springer}
}

% Learned PDE-constrained optimization / topology optimization
@article{banga20183d,
  title={3D Topology Optimization using Convolutional Neural Networks},
  author={Banga, Saurabh and Gehani, Harsh and Bhilare, Sanket and Patel, Sagar and Kara, Levent},
  journal={arXiv preprint arXiv:1808.07440},
  year={2018}
}

% Latent PDEs
@inproceedings{alvarez2009latent,
  title={Latent force models},
  author={Alvarez, Mauricio and Luengo, David and Lawrence, Neil},
  booktitle={Artificial Intelligence and Statistics},
  pages={9--16},
  year={2009}
}

% General intro to metamaterials
@article{Barchiesi2018,
 author = {Barchiesi, Emilio and Spagnuolo, Mario and Placidi, Luca},
 doi = {10.1177/1081286517735695},
 issn = {17413028},
 journal = {Mathematics and Mechanics of Solids},
 keywords = {Mechanical metamaterials,auxetic metamaterials,first-gradient theories,pantographic lattices,pentamode metamaterials,second-gradient theories},
 mendeley-groups = {nmor/Material{\_}general},
 month = {jan},
 number = {1},
 pages = {212--234},
 publisher = {SAGE PublicationsSage UK: London, England},
 title = {{Mechanical metamaterials: a state of the art}},
 __url = {http://journals.sagepub.com/doi/10.1177/1081286517735695},
 volume = {24},
 year = {2018}
}

%POD
@article{Cai2008,
 author = {Cai, Long and White, Ralph E.},
 doi = {10.1149/1.3018746},
 _isbn = {9781605606576},
 issn = {19385862},
 journal = {ECS Transactions},
 mendeley-groups = {nmor/POD},
 pages = {13--26},
 pmid = {26677724},
 title = {{Model Reduction via Proper Orthogonal Decomposition for the Lithium Ion Battery}},
 __url = {http://ecst.ecsdl.org/cgi/doi/10.1149/1.3018746},
 year = {2008}
}

%NN to replace FEM: loss function defined pointwisely
@article{Lagaris1998,
 archivePrefix = {arXiv},
 arxivId = {physics/9705023},
 author = {Lagaris, Isaac Elias and Likas, Aristidis and Fotiadis, Dimitrios I.},
 doi = {10.1109/72.712178},
 eprint = {9705023},
 _isbn = {9781351651318},
 issn = {10459227},
 journal = {IEEE Transactions on Neural Networks},
 keywords = {Collocation method,Finite elements,Neural networks,Neuroprocessors,Ordinary differential equations,Partial differential equations},
 mendeley-groups = {nmor/FEM},
 month = {may},
 number = {5},
 pages = {987--1000},
 pmid = {18255782},
 primaryClass = {physics},
 title = {{Artificial neural networks for solving ordinary and partial differential equations}},
 __url = {http://arxiv.org/abs/physics/9705023 http://dx.doi.org/10.1109/72.712178},
 volume = {9},
 year = {1998}
}

%NN to replace FEM: loss function defined to minimize functional
@article{Lopez2008,
 archivePrefix = {arXiv},
 arxivId = {1010.1724},
 author = {Lopez, R. and Balsa-Canto, E. and O{\~{n}}ate, E.},
 doi = {10.1002/nme.2304},
 eprint = {1010.1724},
 _isbn = {0029-5981},
 issn = {00295981},
 journal = {International Journal for Numerical Methods in Engineering},
 keywords = {Functional analysis,Inverse problems,Multilayer perceptron,Neural networks,Optimal control,Shape design,Variational calculus,low{\_}level},
 mendeley-groups = {nmor/FEM},
 mendeley-tags = {low{\_}level},
 month = {sep},
 number = {11},
 pages = {1341--1360},
 pmid = {260949200001},
 publisher = {John Wiley {\&} Sons, Ltd},
 title = {{Neural networks for variational problems in engineering}},
 __url = {http://doi.wiley.com/10.1002/nme.2304},
 volume = {75},
 year = {2008}
}

%NN to replace FEM: loss function defined to minimize functional
@article{Weinan2018,
 archivePrefix = {arXiv},
 arxivId = {1710.00211},
 author = {Weinan, E. and Yu, Bing},
 doi = {10.1007/s40304-018-0127-z},
 eprint = {1710.00211},
 issn = {2194671X},
 journal = {Communications in Mathematics and Statistics},
 keywords = {Deep Ritz Method,Eigenvalue problems,PDE,Variational problems,low{\_}level},
 mendeley-groups = {nmor/FEM},
 mendeley-tags = {low{\_}level},
 month = {sep},
 number = {1},
 pmid = {20457140},
 title = {{The Deep Ritz Method: A Deep Learning-Based Numerical Algorithm for Solving Variational Problems}},
 __url = {http://arxiv.org/abs/1710.00211},
 volume = {6},
 year = {2018}
}

%NN to replace FEM: use known data to train and predict, FEM
@article{Koeppe2016,
 archivePrefix = {arXiv},
 arxivId = {arXiv:1107.3817},
 author = {Koeppe, Arnd and Bamer, Franz and Markert, Bernd},
 doi = {10.1002/pamm.201610257},
 eprint = {arXiv:1107.3817},
 issn = {16177061},
 journal = {Pamm},
 mendeley-groups = {nmor/FEM},
 number = {1},
 pages = {537--538},
 title = {{Model reduction and submodelling using neural networks}},
 _url = {http://doi.wiley.com/10.1002/pamm.201610257},
 volume = {16},
 year = {2016}
}

%NN to replace FEM: use known data to train and predict, experiments
@article{Jung2006,
 author = {Jung, Sungmoon and Ghaboussi, Jamshid},
 doi = {10.1016/J.COMPSTRUC.2006.02.015},
 issn = {0045-7949},
 journal = {Computers {\&} Structures},
 mendeley-groups = {nmor/FEM},
 month = {jun},
 number = {15-16},
 pages = {955--963},
 publisher = {Pergamon},
 title = {{Neural network constitutive model for rate-dependent materials}},
 _url = {https://www.sciencedirect.com/science/article/pii/S0045794906000563},
 volume = {84},
 year = {2006}
}


%NN to replace FEM: stress field prediction
@article{Nie2018,
 archivePrefix = {arXiv},
 arxivId = {1808.08914},
 author = {Nie, Zhenguo and Jiang, Haoliang and Kara, Levent Burak},
 doi = {arXiv:1808.08914v1},
 eprint = {1808.08914},
 mendeley-groups = {nmor/FEM},
 title = {{Deep Learning for Stress Field Prediction Using Convolutional Neural Networks}},
 _url = {http://arxiv.org/abs/1808.08914},
 year = {2018}
}

%NN to replace FEM: fluid simulation
@article{Tompson2016,
 archivePrefix = {arXiv},
 arxivId = {1512.02595},
 author = {Tompson, Jonathan and Schlachter, Kristofer and Sprechmann, Pablo and Perlin, Ken},
 doi = {10.1145/1143844.1143891},
 eprint = {1512.02595},
 _isbn = {1595933832},
 issn = {00264806},
 keywords = {low{\_}level},
 mendeley-groups = {nmor/FEM},
 mendeley-tags = {low{\_}level},
 pmid = {1000285842},
 title = {{Accelerating Eulerian Fluid Simulation With Convolutional Networks}},
 _url = {http://arxiv.org/abs/1607.03597},
 year = {2017}
}


% redundant
@Misc{petsc-web-page,
  author = {Satish Balay and Shrirang Abhyankar and Mark~F. Adams and Jed Brown and Peter Brune
            and Kris Buschelman and Lisandro Dalcin and Alp Dener and Victor Eijkhout and William~D. Gropp
            and Dmitry Karpeyev and Dinesh Kaushik and Matthew~G. Knepley and Dave~A. May and Lois Curfman McInnes
            and Richard Tran Mills and Todd Munson and Karl Rupp and Patrick Sanan
            and Barry~F. Smith and Stefano Zampini and Hong Zhang and Hong Zhang},
  title =  {{PETS}c {W}eb page},
  url =    {https://www.mcs.anl.gov/petsc},
  howpublished = {\url{https://www.mcs.anl.gov/petsc}},
  year = {2019}
}
@inproceedings{brubaker2012family,
  title={A family of MCMC methods on implicitly defined manifolds},
  author={Brubaker, Marcus and Salzmann, Mathieu and Urtasun, Raquel},
  booktitle={Artificial intelligence and statistics},
  pages={161--172},
  year={2012},
  organization={PMLR}
}
@incollection{schroder2014numerical,
  title={A numerical two-scale homogenization scheme: the FE 2-method},
  author={Schr{\"o}der, J{\"o}rg},
  booktitle={Plasticity and beyond},
  pages={1--64},
  year={2014},
  publisher={Springer}
}
@article{li2020fourier,
  title={Fourier neural operator for parametric partial differential equations},
  author={Li, Zongyi and Kovachki, Nikola and Azizzadenesheli, Kamyar and Liu, Burigede and Bhattacharya, Kaushik and Stuart, Andrew and Anandkumar, Anima},
  journal={arXiv preprint arXiv:2010.08895},
  year={2020}
}
@article{li2020neural,
  title={Neural operator: Graph kernel network for partial differential equations},
  author={Li, Zongyi and Kovachki, Nikola and Azizzadenesheli, Kamyar and Liu, Burigede and Bhattacharya, Kaushik and Stuart, Andrew and Anandkumar, Anima},
  journal={arXiv preprint arXiv:2003.03485},
  year={2020}
}
@inproceedings{sanchez2020learning,
  title={Learning to simulate complex physics with graph networks},
  author={Sanchez-Gonzalez, Alvaro and Godwin, Jonathan and Pfaff, Tobias and Ying, Rex and Leskovec, Jure and Battaglia, Peter},
  booktitle={International Conference on Machine Learning},
  pages={8459--8468},
  year={2020},
  organization={PMLR}
}
@article{pfaff2020learning,
  title={Learning Mesh-Based Simulation with Graph Networks},
  author={Pfaff, Tobias and Fortunato, Meire and Sanchez-Gonzalez, Alvaro and Battaglia, Peter W},
  journal={arXiv preprint arXiv:2010.03409},
  year={2020}
}
@inproceedings{sanchez2020learning,
  title={Learning to simulate complex physics with graph networks},
  author={Sanchez-Gonzalez, Alvaro and Godwin, Jonathan and Pfaff, Tobias and Ying, Rex and Leskovec, Jure and Battaglia, Peter},
  booktitle={International Conference on Machine Learning},
  pages={8459--8468},
  year={2020},
  organization={PMLR}
}
@article{xue2020data,
  title={A data-driven computational scheme for the nonlinear mechanical properties of cellular mechanical metamaterials under large deformation},
  author={Xue, Tianju and Beatson, Alex and Chiaramonte, Maurizio and Roeder, Geoffrey and Ash, Jordan T and Menguc, Yigit and Adriaenssens, Sigrid and Adams, Ryan P and Mao, Sheng},
  journal={Soft matter},
  volume={16},
  number={32},
  pages={7524--7534},
  year={2020},
  publisher={Royal Society of Chemistry}
}
@book{aliabadi2002boundary,
  title={The boundary element method, volume 2: applications in solids and structures},
  author={Aliabadi, Mohammad H},
  volume={2},
  year={2002},
  publisher={John Wiley \& Sons}
}

% HMC
@article{duane1987hybrid,
  title={Hybrid {M}onte {C}arlo},
  author={Duane, Simon and Kennedy, Anthony D and Pendleton, Brian J and Roweth, Duncan},
  journal={Physics Letters B},
  volume={195},
  number={2},
  pages={216--222},
  year={1987},
  publisher={Elsevier}
}

% Surrogate based opt
@article{shahriari2015taking,
  title={Taking the human out of the loop: A review of {B}ayesian optimization},
  author={Shahriari, Bobak and Swersky, Kevin and Wang, Ziyu and Adams, Ryan P and De Freitas, Nando},
  journal={Proceedings of the IEEE},
  volume={104},
  number={1},
  pages={148--175},
  year={2015},
  publisher={IEEE}
}
@article{queipo2005surrogate,
  title={Surrogate-based analysis and optimization},
  author={Queipo, Nestor V and Haftka, Raphael T and Shyy, Wei and Goel, Tushar and Vaidyanathan, Rajkumar and Tucker, P Kevin},
  journal={Progress in Aerospace Sciences},
  volume={41},
  number={1},
  pages={1--28},
  year={2005},
  publisher={Elsevier}
}
@article{forrester2009recent,
  title={Recent advances in surrogate-based optimization},
  author={Forrester, Alexander IJ and Keane, Andy J},
  journal={Progress in Aerospace Sciences},
  volume={45},
  number={1-3},
  pages={50--79},
  year={2009},
  publisher={Elsevier}
}
%Bilevel opt
@article{beatson2019efficient,
  title={Efficient optimization of loops and limits with randomized telescoping sums},
  author={Beatson, Alex and Adams, Ryan P},
  journal={arXiv preprint arXiv:1905.07006},
  year={2019}
}
@article{wu2018understanding,
  title={Understanding short-horizon bias in stochastic meta-optimization},
  author={Wu, Yuhuai and Ren, Mengye and Liao, Renjie and Grosse, Roger},
  journal={arXiv preprint arXiv:1803.02021},
  year={2018}
}
@article{kingma2013auto,
  title={Auto-encoding variational {B}ayes},
  author={Kingma, Diederik P and Welling, Max},
  journal={arXiv preprint arXiv:1312.6114},
  year={2013}
}
@article{tallec2017unbiasing,
  title={Unbiasing truncated backpropagation through time},
  author={Tallec, Corentin and Ollivier, Yann},
  journal={arXiv preprint arXiv:1705.08209},
  year={2017}
}
@article{shaban2018truncated,
  title={Truncated back-propagation for bilevel optimization},
  author={Shaban, Amirreza and Cheng, Ching-An and Hatch, Nathan and Boots, Byron},
  journal={arXiv preprint arXiv:1810.10667},
  year={2018}
}
@article{brock2017smash,
  title={Smash: one-shot model architecture search through hypernetworks},
  author={Brock, Andrew and Lim, Theodore and Ritchie, James M and Weston, Nick},
  journal={arXiv preprint arXiv:1708.05344},
  year={2017}
}
% Adjoint
@book{lions1971optimal,
  title={Optimal control of systems governed by partial differential equations},
  author={Lions, J.L.},
  _isbn={9783540051152},
  lccn={lc78113638},
  series={Grundlehren der mathematischen Wissenschaften},
  _url={https://books.google.com/books?id=1TYgWwbmFGMC},
  year={1971},
  publisher={Springer-Verlag}
}

% Collapsed optimization
@inproceedings{teh2007collapsed,
  title={A collapsed variational {B}ayesian inference algorithm for latent {D}irichlet allocation},
  author={Teh, Yee W and Newman, David and Welling, Max},
  booktitle={Advances in Neural Information Processing Systems},
  pages={1353--1360},
  year={2007}
}
@article{geman1984stochastic,
  title={Stochastic relaxation, {G}ibbs distributions, and the {B}ayesian restoration of images},
  author={Geman, Stuart and Geman, Donald},
  journal={IEEE Transactions on Pattern Analysis and Machine Intelligence},
  number={6},
  pages={721--741},
  year={1984},
  publisher={IEEE}
}
@article{liu1994collapsed,
  title={The collapsed {G}ibbs sampler in {B}ayesian computations with applications to a gene regulation problem},
  author={Liu, Jun S},
  journal={Journal of the American Statistical Association},
  volume={89},
  number={427},
  pages={958--966},
  year={1994},
  publisher={Taylor \& Francis Group}
}
@article{mackay2019self,
  title={Self-tuning networks: Bilevel optimization of hyperparameters using structured best-response functions},
  author={MacKay, Matthew and Vicol, Paul and Lorraine, Jon and Duvenaud, David and Grosse, Roger},
  journal={arXiv preprint arXiv:1903.03088},
  year={2019}
}

% METAMATERIALS
@inproceedings{ion2016metamaterial,
  title={Metamaterial mechanisms},
  author={Ion, Alexandra and Frohnhofen, Johannes and Wall, Ludwig and Kovacs, Robert and Alistar, Mirela and Lindsay, Jack and Lopes, Pedro and Chen, Hsiang-Ting and Baudisch, Patrick},
  booktitle={Proceedings of the 29th Annual Symposium on User Interface Software and Technology},
  pages={529--539},
  year={2016}
}
@article{bertoldi2017flexible,
  title={Flexible mechanical metamaterials},
  author={Bertoldi, Katia and Vitelli, Vincenzo and Christensen, Johan and van Hecke, Martin},
  journal={Nature Reviews Materials},
  volume={2},
  number={11},
  pages={1--11},
  year={2017},
  publisher={Nature Publishing Group}
}

@article{poddubny2013hyperbolic,
  title={Hyperbolic metamaterials},
  author={Poddubny, Alexander and Iorsh, Ivan and Belov, Pavel and Kivshar, Yuri},
  journal={Nature photonics},
  volume={7},
  number={12},
  pages={948},
  year={2013},
  publisher={Nature Publishing Group}
}
@book{cai2010optical,
  title={Optical metamaterials},
  author={Cai, Wenshan and Shalaev, Vladimir M},
  volume={10},
  number={6011},
  year={2010},
  publisher={Springer}
}
@article{overvelde2014relating,
  title={Relating pore shape to the non-linear response of periodic elastomeric structures},
  author={Overvelde, Johannes TB and Bertoldi, Katia},
  journal={Journal of the Mechanics and Physics of Solids},
  volume={64},
  pages={351--366},
  year={2014},
  publisher={Elsevier}
}

@article{berkooz1993proper,
  title={The proper orthogonal decomposition in the analysis of turbulent flows},
  author={Berkooz, Gal and Holmes, Philip and Lumley, John L},
  journal={Annual Review of Fluid Mechanics},
  volume={25},
  number={1},
  pages={539--575},
  year={1993},
  publisher={Annual Reviews 4139 El Camino Way, PO Box 10139, Palo Alto, CA 94303-0139, USA}
}

% Snapshots


% Newton methods
@article{sheng2002automatic,
  title={An automatic {N}ewton--{R}aphson scheme},
  author={Sheng, Daichao and Sloan, Scott W and Abbo, Andrew J},
  journal={The International Journal Geomechanics},
  volume={2},
  number={4},
  pages={471--502},
  year={2002},
  publisher={Taylor \& Francis}
}

@article{kythe2004introduction,
  title={An introduction to linear and nonlinear finite element analysis: a computational approach},
  author={Kythe, Prem K and Wei, Dongming and Okrouhlik, M},
  journal={Appl. Mech. Rev.},
  volume={57},
  number={5},
  pages={B25--B25},
  year={2004}
}

% DEFORMATION
@book{ogden1997non,
  title={Non-linear Elastic Deformations},
  author={Ogden, R.W.},
  ___isbn={9780486696485},
  lccn={97016162},
  series={Dover Civil and Mechanical Engineering},
  __url={https://books.google.com/books?id=gPUMmyYdNIgC},
  year={1997},
  publisher={Dover Publications}
}

% ATMOSPHERIC
@article{brenowitz2018prognostic,
  title={Prognostic validation of a neural network unified physics parameterization},
  author={Brenowitz, Noah D and Bretherton, Christopher S},
  journal={Geophysical Research Letters},
  volume={45},
  number={12},
  pages={6289--6298},
  year={2018},
  publisher={Wiley Online Library}
}

% ENERGY
@article{samaniego2019energy,
  title={An Energy Approach to the Solution of Partial Differential Equations in Computational Mechanics via Machine Learning: Concepts, Implementation and Applications},
  author={Samaniego, Esteban and Anitescu, Cosmin and Goswami, Somdatta and Nguyen-Thanh, Vien Minh and Guo, Hongwei and Hamdia, Khader and Rabczuk, Timon and Zhuang, Xiaoying},
  journal={arXiv preprint arXiv:1908.10407},
  year={2019}
}


% Sobolev
@inproceedings{czarnecki2017sobolev,
  title={Sobolev training for neural networks},
  author={Czarnecki, Wojciech M and Osindero, Simon and Jaderberg, Max and Swirszcz, Grzegorz and Pascanu, Razvan},
  booktitle={Advances in Neural Information Processing Systems},
  pages={4278--4287},
  year={2017}
}

% Systems

% Pytorch
@inproceedings{paszke2019pytorch,
  title={PyTorch: An imperative style, high-performance deep learning library},
  author={Paszke, Adam and Gross, Sam and Massa, Francisco and Lerer, Adam and Bradbury, James and Chanan, Gregory and Killeen, Trevor and Lin, Zeming and Gimelshein, Natalia and Antiga, Luca and others},
  booktitle={Advances in Neural Information Processing Systems},
  pages={8024--8035},
  year={2019}
}

% Ray
@inproceedings{moritz2018ray,
  title={Ray: A distributed framework for emerging {AI} applications},
  author={Moritz, Philipp and Nishihara, Robert and Wang, Stephanie and Tumanov, Alexey and Liaw, Richard and Liang, Eric and Elibol, Melih and Yang, Zongheng and Paul, William and Jordan, Michael I and others},
  booktitle={13th {USENIX} Symposium on Operating Systems Design and Implementation ({OSDI} 18)},
  pages={561--577},
  year={2018}
}

% Fenics
@article{alnaes2015fenics,
  title={The {FEniCS} project version 1.5},
  author={Aln{\ae}s, Martin and Blechta, Jan and Hake, Johan and Johansson, August and Kehlet, Benjamin and Logg, Anders and Richardson, Chris and Ring, Johannes and Rognes, Marie E and Wells, Garth N},
  journal={Archive of Numerical Software},
  volume={3},
  number={100},
  year={2015}
}
@article{ham2019automated,
  title={Automated shape differentiation in the Unified Form Language},
  author={Ham, David A and Mitchell, Lawrence and Paganini, Alberto and Wechsung, Florian},
  journal={Structural and Multidisciplinary Optimization},
  volume={60},
  number={5},
  pages={1813--1820},
  year={2019},
  publisher={Springer}
}
@book{logg2012automated,
  title = {Automated Solution of Differential Equations by the Finite Element Method},
  author = {Anders Logg and Kent-Andre Mardal and Garth N. Wells and others},
  year = {2012},
  publisher = {Springer},
  doi = {10.1007/978-3-642-23099-8},
  __isbn = {978-3-642-23098-1},
}

% Dolfin
@article{logg2010dolfin,
  title={{DOLFIN}: Automated finite element computing},
  author={Logg, Anders and Wells, Garth N},
  journal={ACM Transactions on Mathematical Software (TOMS)},
  volume={37},
  number={2},
  pages={1--28},
  year={2010},
  publisher={ACM New York, NY, USA}
}

@incollection{logg2012dolfin,
  title={{DOLFIN}: A {C++/Python} finite element library},
  author={Logg, Anders and Wells, Garth N and Hake, Johan},
  booktitle={Automated solution of differential equations by the finite element method},
  pages={173--225},
  year={2012},
  publisher={Springer}
}
% Dolfin adjoint
@article{mitusch2019dolfin,
  title={dolfin-adjoint 2018.1: automated adjoints for {FEniCS} and {Firedrake}},
  author={Mitusch, Sebastian and Funke, Simon and Dokken, J{\o}rgen},
  journal={Journal of Open Source Software},
  volume={4},
  number={38},
  pages={1292},
  year={2019}
}
% Pytorch

% Dagger
@inproceedings{ross2011reduction,
  title={A reduction of imitation learning and structured prediction to no-regret online learning},
  author={Ross, St{\'e}phane and Gordon, Geoffrey and Bagnell, Drew},
  booktitle={Proceedings of the Fourteenth International Conference on Artificial Intelligence and Statistics},
  pages={627--635},
  year={2011}
}

% IL

@inproceedings{schroecker2017state,
  title={State aware imitation learning},
  author={Schroecker, Yannick and Isbell, Charles L},
  booktitle={Advances in Neural Information Processing Systems},
  pages={2911--2920},
  year={2017}
}
@article{daume2009search,
  title={Search-based structured prediction},
  author={Daum{\'e}, Hal and Langford, John and Marcu, Daniel},
  journal={Machine Learning},
  volume={75},
  number={3},
  pages={297--325},
  year={2009},
  publisher={Springer}
}
@inproceedings{ross2010efficient,
  title={Efficient reductions for imitation learning},
  author={Ross, St{\'e}phane and Bagnell, Drew},
  booktitle={Proceedings of the Thirteenth International Conference on Artificial Intelligence and Statistics},
  pages={661--668},
  year={2010}
}

@misc{wang2020understanding,
      title={Understanding and mitigating gradient pathologies in physics-informed neural networks},
      author={Sifan Wang and Yujun Teng and Paris Perdikaris},
      year={2020},
      eprint={2001.04536},
      archivePrefix={arXiv},
      primaryClass={cs.LG}
}
@article{zhu2019physics,
  title={Physics-constrained deep learning for high-dimensional surrogate modeling and uncertainty quantification without labeled data},
  author={Zhu, Yinhao and Zabaras, Nicholas and Koutsourelakis, Phaedon-Stelios and Perdikaris, Paris},
  journal={Journal of Computational Physics},
  volume={394},
  pages={56--81},
  year={2019},
  publisher={Elsevier}
}

@article{nie2020stress,
  title={Stress Field Prediction in Cantilevered Structures Using Convolutional Neural Networks},
  author={Nie, Zhenguo and Jiang, Haoliang and Kara, Levent Burak},
  journal={Journal of Computing and Information Science in Engineering},
  volume={20},
  number={1},
  year={2020},
  publisher={American Society of Mechanical Engineers Digital Collection}
}

@article{lagaris1998artificial,
  title={Artificial neural networks for solving ordinary and partial differential equations},
  author={Lagaris, Isaac E and Likas, Aristidis and Fotiadis, Dimitrios I},
  journal={IEEE Transactions on Neural Networks},
  volume={9},
  number={5},
  pages={987--1000},
  year={1998},
  publisher={IEEE}
}

@article{lopez2008neural,
  title={Neural networks for variational problems in engineering},
  author={Lopez, R and Balsa-Canto, Eva and O{\~n}ate, Eugenio},
  journal={International Journal for Numerical Methods in Engineering},
  volume={75},
  number={11},
  pages={1341--1360},
  year={2008},
  publisher={Wiley Online Library}
}

@article{weinan2018deep,
  title={The deep {Ritz} method: a deep learning-based numerical algorithm for solving variational problems},
  author={Weinan, E and Yu, Bing},
  journal={Communications in Mathematics and Statistics},
  volume={6},
  number={1},
  pages={1--12},
  year={2018},
  publisher={Springer}
}

@article{sirignano2018dgm,
  title={DGM: A deep learning algorithm for solving partial differential equations},
  author={Sirignano, Justin and Spiliopoulos, Konstantinos},
  journal={Journal of Computational Physics},
  volume={375},
  pages={1339--1364},
  year={2018},
  publisher={Elsevier}
}

% FENICS
@book{LoggMardalEtAl2012a,
  title = {Automated Solution of Differential Equations by the Finite Element Method},
  author = {Anders Logg and Kent-Andre Mardal and Garth N. Wells and others},
  year = {2012},
  publisher = {Springer},
  doi = {10.1007/978-3-642-23099-8},
  _isbn = {978-3-642-23098-1},
}
@article{sitzmann2020implicit,
  title={Implicit neural representations with periodic activation functions},
  author={Sitzmann, Vincent and Martel, Julien and Bergman, Alexander and Lindell, David and Wetzstein, Gordon},
  journal={Advances in Neural Information Processing Systems},
  volume={33},
  year={2020}
}
@article{raissi2019physics,
  title={Physics-informed neural networks: A deep learning framework for solving forward and inverse problems involving nonlinear partial differential equations},
  author={Raissi, Maziar and Perdikaris, Paris and Karniadakis, George E},
  journal={Journal of Computational Physics},
  volume={378},
  pages={686--707},
  year={2019},
  publisher={Elsevier}
}
@article{AlnaesBlechta2015a,
  title = {The {FEniCS} Project Version 1.5},
  author = {Martin S. Aln{\ae}s and Jan Blechta and Johan Hake and August Johansson and Benjamin Kehlet and Anders Logg and Chris Richardson and Johannes Ring and Marie E. Rognes and Garth N. Wells},
  year = {2015},
  journal = {Archive of Numerical Software},
  volume = {3},
  number = {100},
  doi = {10.11588/ans.2015.100.20553},
  page = {9-23},
}
@software{jax2018github,
  author = {James Bradbury and Roy Frostig and Peter Hawkins and Matthew James Johnson and Chris Leary and Dougal Maclaurin and George Necula and Adam Paszke and Jake Vander{P}las and Skye Wanderman-{M}ilne and Qiao Zhang},
  title = {{JAX}: composable transformations of {P}ython+{N}um{P}y programs},
  url = {http://github.com/google/jax},
  version = {0.2.5},
  year = {2018},
}
@article{farrell2013automated,
  title={Automated derivation of the adjoint of high-level transient finite element programs},
  author={Farrell, Patrick E and Ham, David A and Funke, Simon W and Rognes, Marie E},
  journal={SIAM Journal on Scientific Computing},
  volume={35},
  number={4},
  pages={C369--C393},
  year={2013},
  publisher={SIAM}
}

% Multiscale / multi mesh
@article{hughes1998variational,
  title={The variational multiscale method—a paradigm for computational mechanics},
  author={Hughes, Thomas JR and Feij{\'o}o, Gonzalo R and Mazzei, Luca and Quincy, Jean-Baptiste},
  journal={Computer Methods in Applied Mechanics and Engineering},
  volume={166},
  number={1-2},
  pages={3--24},
  year={1998},
  publisher={Elsevier}
}

% Continuum mechanics
@article{holzapfel2002nonlinear,
  title={Nonlinear solid mechanics: a continuum approach for engineering science},
  author={Holzapfel, Gerhard A},
  journal={Meccanica},
  volume={37},
  number={4},
  pages={489--490},
  year={2002},
  publisher={Springer}
} % We should get a copy of this perhaps

@article{fung1977first,
  title={A first course in continuum mechanics},
  author={Fung, Yuan-cheng},
  journal={Englewood Cliffs, NJ, Prentice-Hall, Inc., 1977. 351 p.},
  year={1977}
}

% Topology optimization
@incollection{bendsoe2001topology,
  title={Topology optimization},
  author={Bends{\o}e, Martin P},
  booktitle={Encyclopedia of Optimization},
  pages={2636--2638},
  year={2001},
  publisher={Springer}
}

% Model order reduction
@article{chatterjee2000introduction,
  title={An introduction to the proper orthogonal decomposition},
  author={Chatterjee, Anindya},
  journal={Current Science},
  pages={808--817},
  year={2000},
  publisher={JSTOR}
}

@article{chinesta2011short,
  title={A short review on model order reduction based on proper generalized decomposition},
  author={Chinesta, Francisco and Ladeveze, Pierre and Cueto, El{\'\i}as},
  journal={Archives of Computational Methods in Engineering},
  volume={18},
  number={4},
  pages={395},
  year={2011},
  publisher={Springer}
}


% Dealing with complex geometry
@article{hughes2005isogeometric,
  title={Isogeometric analysis: {CAD}, finite elements, {NURBS}, exact geometry and mesh refinement},
  author={Hughes, Thomas JR and Cottrell, John A and Bazilevs, Yuri},
  journal={Computer Methods in Applied Mechanics and Engineering},
  volume={194},
  number={39-41},
  pages={4135--4195},
  year={2005},
  publisher={Elsevier}
}

@book{cottrell2009isogeometric,
  title={Isogeometric analysis: toward integration of {CAD} and {FEA}},
  author={Cottrell, J Austin and Hughes, Thomas JR and Bazilevs, Yuri},
  year={2009},
  publisher={John Wiley \& Sons}
}

% MACHINE LEARNING STUFF
% NNs for solving PDEs
@article{lagaris1998artificial,
  title={Artificial neural networks for solving ordinary and partial differential equations},
  author={Lagaris, Isaac E and Likas, Aristidis and Fotiadis, Dimitrios I},
  journal={IEEE transactions on neural networks},
  volume={9},
  number={5},
  pages={987--1000},
  year={1998},
  publisher={IEEE}
}

@article{malek2006numerical,
  title={Numerical solution for high order differential equations using a hybrid neural network—optimization method},
  author={Malek, A and Beidokhti, R Shekari},
  journal={Applied Mathematics and Computation},
  volume={183},
  number={1},
  pages={260--271},
  year={2006},
  publisher={Elsevier}
}

@article{lagaris2000neural,
  title={Neural-network methods for boundary value problems with irregular boundaries},
  author={Lagaris, Isaac E and Likas, Aristidis C and Papageorgiou, Dimitris G},
  journal={IEEE Transactions on Neural Networks},
  volume={11},
  number={5},
  pages={1041--1049},
  year={2000},
  publisher={IEEE}
}

% NNs for predicting solution of PDEs

@article{nie2018deep,
  title={Deep Learning for Stress Field Prediction Using Convolutional Neural Networks},
  author={Nie, Zhenguo and Jiang, Haoliang and Kara, Levent Burak},
  journal={arXiv preprint arXiv:1808.08914},
  year={2018}
}

@article{long2017pde,
  title={{PDE-Net}: Learning {PDEs} from Data},
  author={Long, Zichao and Lu, Yiping and Ma, Xianzhong and Dong, Bin},
  journal={arXiv preprint arXiv:1710.09668},
  year={2017}
}

% Learned constituitive models / model order reduction

@article{hoerig2018cartesian,
  title={Cartesian Neural Network Constitutive Models for Data-driven Elasticity Imaging},
  author={Hoerig, Cameron and Ghaboussi, Jamshid and Insana, Michael F},
  journal={arXiv preprint arXiv:1809.04121},
  year={2018}
}

@article{hoerig2017information,
  title={An information-based machine learning approach to elasticity imaging},
  author={Hoerig, Cameron and Ghaboussi, Jamshid and Insana, Michael F},
  journal={Biomechanics and modeling in mechanobiology},
  volume={16},
  number={3},
  pages={805--822},
  year={2017},
  publisher={Springer}
}

@inproceedings{shen2017elman,
  title={Elman neural network-based identification of fabric weave patterns with wavelet \& radon transform},
  author={Shen, Jianqiang and Si, Chengyong and Zou, Xuan and Li, Taoning},
  booktitle={Image and Signal Processing, BioMedical Engineering and Informatics (CISP-BMEI), 2017 10th International Congress on},
  pages={1--5},
  year={2017},
  organization={IEEE}
}

@article{jung2006neural,
  title={Neural network constitutive model for rate-dependent materials},
  author={Jung, Sungmoon and Ghaboussi, Jamshid},
  journal={Computers \& Structures},
  volume={84},
  number={15-16},
  pages={955--963},
  year={2006},
  publisher={Elsevier}
}

@article{san2018neural,
  title={Neural network closures for nonlinear model order reduction},
  author={San, Omer and Maulik, Romit},
  journal={Advances in Computational Mathematics},
  pages={1--34},
  publisher={Springer}
}

% Learned PDE-constrained optimization / topology optimization
@article{banga20183d,
  title={3D Topology Optimization using Convolutional Neural Networks},
  author={Banga, Saurabh and Gehani, Harsh and Bhilare, Sanket and Patel, Sagar and Kara, Levent},
  journal={arXiv preprint arXiv:1808.07440},
  year={2018}
}

% Latent PDEs
@inproceedings{alvarez2009latent,
  title={Latent force models},
  author={Alvarez, Mauricio and Luengo, David and Lawrence, Neil},
  booktitle={Artificial Intelligence and Statistics},
  pages={9--16},
  year={2009}
}

% General intro to metamaterials
@article{Barchiesi2018,
 author = {Barchiesi, Emilio and Spagnuolo, Mario and Placidi, Luca},
 doi = {10.1177/1081286517735695},
 issn = {17413028},
 journal = {Mathematics and Mechanics of Solids},
 keywords = {Mechanical metamaterials,auxetic metamaterials,first-gradient theories,pantographic lattices,pentamode metamaterials,second-gradient theories},
 mendeley-groups = {nmor/Material{\_}general},
 month = {jan},
 number = {1},
 pages = {212--234},
 publisher = {SAGE PublicationsSage UK: London, England},
 title = {{Mechanical metamaterials: a state of the art}},
 __url = {http://journals.sagepub.com/doi/10.1177/1081286517735695},
 volume = {24},
 year = {2018}
}

%POD
@article{Cai2008,
 author = {Cai, Long and White, Ralph E.},
 doi = {10.1149/1.3018746},
 _isbn = {9781605606576},
 issn = {19385862},
 journal = {ECS Transactions},
 mendeley-groups = {nmor/POD},
 pages = {13--26},
 pmid = {26677724},
 title = {{Model Reduction via Proper Orthogonal Decomposition for the Lithium Ion Battery}},
 __url = {http://ecst.ecsdl.org/cgi/doi/10.1149/1.3018746},
 year = {2008}
}

%NN to replace FEM: loss function defined pointwisely
@article{Lagaris1998,
 archivePrefix = {arXiv},
 arxivId = {physics/9705023},
 author = {Lagaris, Isaac Elias and Likas, Aristidis and Fotiadis, Dimitrios I.},
 doi = {10.1109/72.712178},
 eprint = {9705023},
 _isbn = {9781351651318},
 issn = {10459227},
 journal = {IEEE Transactions on Neural Networks},
 keywords = {Collocation method,Finite elements,Neural networks,Neuroprocessors,Ordinary differential equations,Partial differential equations},
 mendeley-groups = {nmor/FEM},
 month = {may},
 number = {5},
 pages = {987--1000},
 pmid = {18255782},
 primaryClass = {physics},
 title = {{Artificial neural networks for solving ordinary and partial differential equations}},
 __url = {http://arxiv.org/abs/physics/9705023 http://dx.doi.org/10.1109/72.712178},
 volume = {9},
 year = {1998}
}

%NN to replace FEM: loss function defined to minimize functional
@article{Lopez2008,
 archivePrefix = {arXiv},
 arxivId = {1010.1724},
 author = {Lopez, R. and Balsa-Canto, E. and O{\~{n}}ate, E.},
 doi = {10.1002/nme.2304},
 eprint = {1010.1724},
 _isbn = {0029-5981},
 issn = {00295981},
 journal = {International Journal for Numerical Methods in Engineering},
 keywords = {Functional analysis,Inverse problems,Multilayer perceptron,Neural networks,Optimal control,Shape design,Variational calculus,low{\_}level},
 mendeley-groups = {nmor/FEM},
 mendeley-tags = {low{\_}level},
 month = {sep},
 number = {11},
 pages = {1341--1360},
 pmid = {260949200001},
 publisher = {John Wiley {\&} Sons, Ltd},
 title = {{Neural networks for variational problems in engineering}},
 __url = {http://doi.wiley.com/10.1002/nme.2304},
 volume = {75},
 year = {2008}
}

%NN to replace FEM: loss function defined to minimize functional
@article{Weinan2018,
 archivePrefix = {arXiv},
 arxivId = {1710.00211},
 author = {Weinan, E. and Yu, Bing},
 doi = {10.1007/s40304-018-0127-z},
 eprint = {1710.00211},
 issn = {2194671X},
 journal = {Communications in Mathematics and Statistics},
 keywords = {Deep Ritz Method,Eigenvalue problems,PDE,Variational problems,low{\_}level},
 mendeley-groups = {nmor/FEM},
 mendeley-tags = {low{\_}level},
 month = {sep},
 number = {1},
 pmid = {20457140},
 title = {{The Deep Ritz Method: A Deep Learning-Based Numerical Algorithm for Solving Variational Problems}},
 __url = {http://arxiv.org/abs/1710.00211},
 volume = {6},
 year = {2018}
}

%NN to replace FEM: use known data to train and predict, FEM
@article{Koeppe2016,
 archivePrefix = {arXiv},
 arxivId = {arXiv:1107.3817},
 author = {Koeppe, Arnd and Bamer, Franz and Markert, Bernd},
 doi = {10.1002/pamm.201610257},
 eprint = {arXiv:1107.3817},
 issn = {16177061},
 journal = {Pamm},
 mendeley-groups = {nmor/FEM},
 number = {1},
 pages = {537--538},
 title = {{Model reduction and submodelling using neural networks}},
 _url = {http://doi.wiley.com/10.1002/pamm.201610257},
 volume = {16},
 year = {2016}
}

%NN to replace FEM: use known data to train and predict, experiments
@article{Jung2006,
 author = {Jung, Sungmoon and Ghaboussi, Jamshid},
 doi = {10.1016/J.COMPSTRUC.2006.02.015},
 issn = {0045-7949},
 journal = {Computers {\&} Structures},
 mendeley-groups = {nmor/FEM},
 month = {jun},
 number = {15-16},
 pages = {955--963},
 publisher = {Pergamon},
 title = {{Neural network constitutive model for rate-dependent materials}},
 _url = {https://www.sciencedirect.com/science/article/pii/S0045794906000563},
 volume = {84},
 year = {2006}
}


%NN to replace FEM: stress field prediction
@article{Nie2018,
 archivePrefix = {arXiv},
 arxivId = {1808.08914},
 author = {Nie, Zhenguo and Jiang, Haoliang and Kara, Levent Burak},
 doi = {arXiv:1808.08914v1},
 eprint = {1808.08914},
 mendeley-groups = {nmor/FEM},
 title = {{Deep Learning for Stress Field Prediction Using Convolutional Neural Networks}},
 _url = {http://arxiv.org/abs/1808.08914},
 year = {2018}
}

%NN to replace FEM: fluid simulation
@article{Tompson2016,
 archivePrefix = {arXiv},
 arxivId = {1512.02595},
 author = {Tompson, Jonathan and Schlachter, Kristofer and Sprechmann, Pablo and Perlin, Ken},
 doi = {10.1145/1143844.1143891},
 eprint = {1512.02595},
 _isbn = {1595933832},
 issn = {00264806},
 keywords = {low{\_}level},
 mendeley-groups = {nmor/FEM},
 mendeley-tags = {low{\_}level},
 pmid = {1000285842},
 title = {{Accelerating Eulerian Fluid Simulation With Convolutional Networks}},
 _url = {http://arxiv.org/abs/1607.03597},
 year = {2017}
}

@inproceedings{langley00,
 author    = {P. Langley},
 title     = {Crafting Papers on Machine Learning},
 year      = {2000},
 pages     = {1207--1216},
 editor    = {Pat Langley},
 booktitle     = {Proceedings of the 17th International Conference
              on Machine Learning (ICML 2000)},
 address   = {Stanford, CA},
 publisher = {Morgan Kaufmann}
}

@TechReport{mitchell80,
  author = 	 "T. M. Mitchell",
  title = 	 "The Need for Biases in Learning Generalizations",
  institution =  "Computer Science Department, Rutgers University",
  year = 	 "1980",
  address =	 "New Brunswick, MA",
}

@phdthesis{kearns89,
  author = {M. J. Kearns},
  title =  {Computational Complexity of Machine Learning},
  school = {Department of Computer Science, Harvard University},
  year =   {1989}
}

@Book{MachineLearningI,
  editor = 	 "R. S. Michalski and J. G. Carbonell and T.
		  M. Mitchell",
  title = 	 "Machine Learning: An Artificial Intelligence
		  Approach, Vol. I",
  publisher = 	 "Tioga",
  year = 	 "1983",
  address =	 "Palo Alto, CA"
}

@Book{DudaHart2nd,
  author =       "R. O. Duda and P. E. Hart and D. G. Stork",
  title =        "Pattern Classification",
  publisher =    "John Wiley and Sons",
  edition =      "2nd",
  year =         "2000"
}

@misc{anonymous,
  title= {Suppressed for Anonymity},
  author= {Author, N. N.},
  year= {2020}
}

@InCollection{Newell81,
  author =       "A. Newell and P. S. Rosenbloom",
  title =        "Mechanisms of Skill Acquisition and the Law of
                  Practice",
  booktitle =    "Cognitive Skills and Their Acquisition",
  pages =        "1--51",
  publisher =    "Lawrence Erlbaum Associates, Inc.",
  year =         "1981",
  editor =       "J. R. Anderson",
  chapter =      "1",
  address =      "Hillsdale, NJ"
}


@Article{Samuel59,
  author = 	 "A. L. Samuel",
  title = 	 "Some Studies in Machine Learning Using the Game of
		  Checkers",
  journal =	 "IBM Journal of Research and Development",
  year =	 "1959",
  volume =	 "3",
  number =	 "3",
  pages =	 "211--229"
}

@incollection{Bengio+chapter2007,
author = {Bengio, Yoshua and LeCun, Yann},
booktitle = {Large Scale Kernel Machines},
publisher = {MIT Press},
title = {Scaling Learning Algorithms Towards {AI}},
year = {2007}
}

@article{Hinton06,
author = {Hinton, Geoffrey E. and Osindero, Simon and Teh, Yee Whye},
journal = {Neural Computation},
pages = {1527--1554},
title = {A Fast Learning Algorithm for Deep Belief Nets},
volume = {18},
year = {2006}
}

@book{goodfellow2016deep,
title={Deep learning},
author={Goodfellow, Ian and Bengio, Yoshua and Courville, Aaron and Bengio, Yoshua},
volume={1},
year={2016},
publisher={MIT Press}
}

@article{rees2010optimal,
  title={Optimal solvers for {PDE}-constrained optimization},
  author={Rees, Tyrone and Dollar, H Sue and Wathen, Andrew J},
  journal={SIAM Journal on Scientific Computing},
  volume={32},
  number={1},
  pages={271--298},
  year={2010},
  publisher={SIAM}
}

@article{ulbrich2018introduction,
  title={An introduction to partial differential equations constrained optimization},
  author={Ulbrich, Michael and van Bloemen Waanders, Bart},
  journal={Optimization and Engineering},
  volume={19},
  number={3},
  pages={515--520},
  year={2018},
  publisher={Springer}
}

@article{dennis1998trust,
  title={Trust-region interior-point {SQP} algorithms for a class of nonlinear programming problems},
  author={Dennis, JE and Heinkenschloss, Matthias and Vicente, Lu{\'\i}s N},
  journal={SIAM Journal on Control and Optimization},
  volume={36},
  number={5},
  pages={1750--1794},
  year={1998},
  publisher={SIAM}
}


@article{van2015penalty,
  title={A penalty method for {PDE}-constrained optimization in inverse problems},
  author={van Leeuwen, Tristan and Herrmann, Felix J},
  journal={Inverse Problems},
  volume={32},
  number={1},
  pages={015007},
  year={2015},
  publisher={IOP Publishing}
}

@article{herzog2010algorithms,
  title={Algorithms for {PDE}-constrained optimization},
  author={Herzog, Roland and Kunisch, Karl},
  journal={GAMM-Mitteilungen},
  volume={33},
  number={2},
  pages={163--176},
  year={2010},
  publisher={Wiley Online Library}
}

@article{cao2003adjoint,
  title={Adjoint sensitivity analysis for differential-algebraic equations: The adjoint {DAE} system and its numerical solution},
  author={Cao, Yang and Li, Shengtai and Petzold, Linda and Serban, Radu},
  journal={SIAM Journal on Scientific Computing},
  volume={24},
  number={3},
  pages={1076--1089},
  year={2003},
  publisher={SIAM}
}

@article{errico1997adjoint,
  title={What is an adjoint model?},
  author={Errico, Ronald M},
  journal={Bulletin of the American Meteorological Society},
  volume={78},
  number={11},
  pages={2577--2592},
  year={1997},
  publisher={American Meteorological Society}
}

@article{lagaris1998artificial,
  title={Artificial neural networks for solving ordinary and partial differential equations},
  author={Lagaris, Isaac E and Likas, Aristidis and Fotiadis, Dimitrios I},
  journal={IEEE transactions on neural networks},
  volume={9},
  number={5},
  pages={987--1000},
  year={1998},
  publisher={IEEE}
}

@article{lopez2008neural,
  title={Neural networks for variational problems in engineering},
  author={Lopez, R and Balsa-Canto, Eva and O{\~n}ate, Eugenio},
  journal={International Journal for Numerical Methods in Engineering},
  volume={75},
  number={11},
  pages={1341--1360},
  year={2008},
  publisher={Wiley Online Library}
}

@article{weinan2018deep,
  title={The deep {Ritz} method: a deep learning-based numerical algorithm for solving variational problems},
  author={Weinan, E and Yu, Bing},
  journal={Communications in Mathematics and Statistics},
  volume={6},
  number={1},
  pages={1--12},
  year={2018},
  publisher={Springer}
}

@article{sirignano2018dgm,
  title={{DGM}: A deep learning algorithm for solving partial differential equations},
  author={Sirignano, Justin and Spiliopoulos, Konstantinos},
  journal={Journal of Computational Physics},
  volume={375},
  pages={1339--1364},
  year={2018},
  publisher={Elsevier}
}

@book{hughes2012finite,
  title={The finite element method: linear static and dynamic finite element analysis},
  author={Hughes, Thomas JR},
  year={2012},
  publisher={Courier Corporation}
}

@inproceedings{gershman2014amortized,
  title={Amortized inference in probabilistic reasoning},
  author={Gershman, Samuel and Goodman, Noah},
  booktitle={Proceedings of the annual meeting of the cognitive science society},
  volume={36},
  number={36},
  year={2014}
}

@article{choi2019meta,
  title={Meta-amortized variational inference and learning},
  author={Choi, Kristy and Wu, Mike and Goodman, Noah and Ermon, Stefano},
  journal={arXiv preprint arXiv:1902.01950},
  year={2019}
}

@article{kingma2013auto,
  title={Auto-encoding variational {B}ayes},
  author={Kingma, Diederik P and Welling, Max},
  journal={arXiv preprint arXiv:1312.6114},
  year={2013}
}


@article{cremer2018inference,
  title={Inference suboptimality in variational autoencoders},
  author={Cremer, Chris and Li, Xuechen and Duvenaud, David},
  journal={arXiv preprint arXiv:1801.03558},
  year={2018}
}

@article{de1993crossover,
  title={Crossover from {BCS} to {Bose} superconductivity: Transition temperature and time-dependent {G}inzburg-{L}andau theory},
  author={De Melo, CAR S{\'a} and Randeria, Mohit and Engelbrecht, Jan R},
  journal={Physical Review Letters},
  volume={71},
  number={19},
  pages={3202},
  year={1993},
  publisher={APS}
}

@article{runciman2019soft,
  title={Soft robotics in minimally invasive surgery},
  author={Runciman, Mark and Darzi, Ara and Mylonas, George P},
  journal={Soft robotics},
  volume={6},
  number={4},
  pages={423--443},
  year={2019},
  publisher={Mary Ann Liebert, Inc., publishers 140 Huguenot Street, 3rd Floor New~…}
}

@inproceedings{klambauer2017self,
  title={Self-normalizing neural networks},
  author={Klambauer, G{\"u}nter and Unterthiner, Thomas and Mayr, Andreas and Hochreiter, Sepp},
  booktitle={Advances in neural information processing systems},
  pages={971--980},
  year={2017}
}


@book{logg2012automated,
  title={Automated solution of differential equations by the finite element method: The {FEniCS} book},
  author={Logg, Anders and Mardal, Kent-Andre and Wells, Garth},
  volume={84},
  year={2012},
  publisher={Springer Science \& Business Media}
}

@article{farrell2013automated,
  title={Automated derivation of the adjoint of high-level transient finite element programs},
  author={Farrell, Patrick E and Ham, David A and Funke, Simon W and Rognes, Marie E},
  journal={SIAM Journal on Scientific Computing},
  volume={35},
  number={4},
  pages={C369--C393},
  year={2013},
  publisher={SIAM}
}

@article{virtanen2019scipy,
  title={{SciPy} 1.0--fundamental algorithms for scientific computing in {P}ython},
  author={Virtanen, Pauli and Gommers, Ralf and Oliphant, Travis E and Haberland, Matt and Reddy, Tyler and Cournapeau, David and Burovski, Evgeni and Peterson, Pearu and Weckesser, Warren and Bright, Jonathan and others},
  journal={arXiv preprint arXiv:1907.10121},
  year={2019}
}

@article{rezende2014stochastic,
  title={Stochastic backpropagation and approximate inference in deep generative models},
  author={Rezende, Danilo Jimenez and Mohamed, Shakir and Wierstra, Daan},
  journal={arXiv preprint arXiv:1401.4082},
  year={2014}
}

@article{logg2010dolfin,
  title={{DOLFIN}: Automated finite element computing},
  author={Logg, Anders and Wells, Garth N},
  journal={ACM Transactions on Mathematical Software (TOMS)},
  volume={37},
  number={2},
  pages={1--28},
  year={2010},
  publisher={ACM New York, NY, USA}
}


@article{lagarias1998convergence,
  title={Convergence properties of the {N}elder--{M}ead simplex method in low dimensions},
  author={Lagarias, Jeffrey C and Reeds, James A and Wright, Margaret H and Wright, Paul E},
  journal={SIAM Journal on optimization},
  volume={9},
  number={1},
  pages={112--147},
  year={1998},
  publisher={SIAM}
}

@article{zhu2019physics,
  title={Physics-constrained deep learning for high-dimensional surrogate modeling and uncertainty quantification without labeled data},
  author={Zhu, Yinhao and Zabaras, Nicholas and Koutsourelakis, Phaedon-Stelios and Perdikaris, Paris},
  journal={Journal of Computational Physics},
  volume={394},
  pages={56--81},
  year={2019},
  publisher={Elsevier}
}


@book{leveque2007finite,
  title={Finite difference methods for ordinary and partial differential equations: steady-state and time-dependent problems},
  author={LeVeque, Randall J},
  volume={98},
  year={2007},
  publisher={SIAM}
}

@book{kochenderfer2019algorithms,
  title={Algorithms for optimization},
  author={Kochenderfer, Mykel J and Wheeler, Tim A},
  year={2019},
  publisher={MIT Press}
}

@article{criminisi2011decision,
  title={Decision forests for classification, regression, density estimation, manifold learning and semi-supervised learning},
  author={Criminisi, Antonio and Shotton, Jamie and Konukoglu, Ender},
  journal={Microsoft Research Cambridge, Tech. Rep. MSRTR-2011-114},
  volume={5},
  number={6},
  pages={12},
  year={2011}
}

@article{shahriari2015taking,
  title={Taking the human out of the loop: A review of {B}ayesian optimization},
  author={Shahriari, Bobak and Swersky, Kevin and Wang, Ziyu and Adams, Ryan P and De Freitas, Nando},
  journal={Proceedings of the IEEE},
  volume={104},
  number={1},
  pages={148--175},
  year={2015},
  publisher={IEEE}
}


@inproceedings{shah2014student,
  title={Student-t processes as alternatives to {G}aussian processes},
  author={Shah, Amar and Wilson, Andrew and Ghahramani, Zoubin},
  booktitle={International Conference on Artificial Intelligence and Statistics},
  pages={877--885},
  year={2014}
}

@inproceedings{snoek2015scalable,
  title={Scalable {B}ayesian optimization using deep neural networks},
  author={Snoek, Jasper and Rippel, Oren and Swersky, Kevin and Kiros, Ryan and Satish, Nadathur and Sundaram, Narayanan and Patwary, Mostofa and Prabhat, Mr and Adams, Ryan},
  booktitle={International Conference on Machine Learning},
  pages={2171--2180},
  year={2015}
}

@misc{shewchuk1994introduction,
  title={An introduction to the conjugate gradient method without the agonizing pain},
  author={Shewchuk, Jonathan Richard},
  year={1994},
  publisher={Carnegie-Mellon University. Department of Computer Science}
}

@inproceedings{paszke2019pytorch,
  title={{PyTorch}: An imperative style, high-performance deep learning library},
  author={Paszke, Adam and Gross, Sam and Massa, Francisco and Lerer, Adam and Bradbury, James and Chanan, Gregory and Killeen, Trevor and Lin, Zeming and Gimelshein, Natalia and Antiga, Luca and others},
  booktitle={Advances in Neural Information Processing Systems},
  pages={8024--8035},
  year={2019}
}

@article{lu2019deepxde,
  title={DeepXDE: A deep learning library for solving differential equations},
  author={Lu, Lu and Meng, Xuhui and Mao, Zhiping and Karniadakis, George E},
  journal={arXiv preprint arXiv:1907.04502},
  year={2019}
}




% me
@article{beatson2016blind,
  title={Blind attacks on machine learners},
  author={Beatson, Alex and Wang, Zhaoran and Liu, Han},
  journal={Advances in Neural Information Processing Systems},
  year={2016}
}

@inproceedings{seff2017continual,
  title={Continual Learning in Generative Adversarial Nets},
  author={Seff, Ari and Beatson, Alex and Suo, Daniel and Liu, Han},
  booktitle={arXiv preprint},
  year={2017}
}
@inproceedings{ravi2018amortized,
  title={Amortized Bayesian meta-learning},
  author={Ravi, Sachin and Beatson, Alex},
  booktitle={ICLR 2019},
  year={2018}
}

@inproceedings{luo2019sumo,
  title={SUMO: Unbiased Estimation of Log Marginal Probability for Latent Variable Models},
  author={Luo, Yucen and Beatson, Alex and Norouzi, Mohammad and Zhu, Jun and Duvenaud, David and Adams, Ryan P and Chen, Ricky TQ},
  booktitle={ICLR 2020},
  year={2019}
}
@inproceedings{luo2020sumo,
  title={SUMO: Unbiased Estimation of Log Marginal Probability for Latent Variable Models},
  author={Luo, Yucen and Beatson, Alex and Norouzi, Mohammad and Zhu, Jun and Duvenaud, David and Adams, Ryan P and Chen, Ricky TQ},
  booktitle={ICLR 2020},
  year={2019}
}

@article{xue2020data,
  title={A data-driven computational scheme for the nonlinear mechanical properties of cellular mechanical metamaterials under large deformation},
  author={Xue, Tianju and Beatson, Alex and Chiaramonte, Maurizio and Roeder, Geoffrey and Ash, Jordan T and Menguc, Yigit and Adriaenssens, Sigrid and Adams, Ryan P and Mao, Sheng},
  journal={Soft matter},
  volume={16},
  number={32},
  pages={7524--7534},
  year={2020},
  publisher={Royal Society of Chemistry}
}

@article{oktay2021randomized,
  title={Randomized automatic differentiation},
  author={Oktay, Deniz and McGreivy, Nick and Aduol, Joshua and Beatson, Alex and Adams, Ryan P},
  journal={ICLR 2021},
  year={2021}
}
